{
  "products": {
    "urls": {},
    "query": "",
    "paging": {
      "total": 570,
      "index": 0,
      "size": 48
    },
    "indexName": "prod_live_products_uk",
    "queryID": "02feee6cabf1deb35e89b20bd2814d57",
    "hits": [
      {
        "ppuQuantity": "36UNI",
        "pricing": {
          "perUnit": "£0.03 per 1UNI",
          "regular": {
            "value": 1.99,
            "currency": "GBP",
            "text": "£1.99"
          },
          "current": {
            "value": 0.99,
            "currency": "GBP",
            "text": "£0.99"
          },
          "saving": {
            "value": 1,
            "currency": "GBP",
            "text": "£1.00"
          }
        },
        "objectId": "2862104",
        "brand": "Andrex",
        "attributes": {
          "product_type": "tissues",
          "StockOverrideMessage": "STOCK_COMING_SOON",
          "format": "wipes",
          "hasPriceAdvantageDeal": false,
          "key_features": "cleansing",
          "ProductReviewFlag": "1"
        },
        "variants": {
          "colours": [],
          "hasColours": false,
          "hasSizes": false
        },
        "categories": [
          [
            {
              "name": "new in",
              "label": "new in"
            },
            {
              "name": "health & pharmacy",
              "label": "health & pharmacy"
            },
            {
              "name": "toiletries",
              "label": "toiletries"
            }
          ],
          [
            {
              "name": "new in toiletries",
              "label": "new in > new in toiletries"
            },
            {
              "name": "lifestyle & wellbeing",
              "label": "health & pharmacy > lifestyle & wellbeing"
            },
            {
              "name": "bathroom essentials",
              "label": "toiletries > bathroom essentials"
            },
            {
              "name": "new in toiletries",
              "label": "toiletries > new in toiletries"
            }
          ],
          [
            {
              "name": "homeware & home accessories",
              "label": "health & pharmacy > lifestyle & wellbeing > homeware & home accessories"
            },
            {
              "name": "tissues wipes & sanitisers",
              "label": "toiletries > bathroom essentials > tissues wipes & sanitisers"
            }
          ],
          [
            {
              "name": "tissues wipes & sanitisers",
              "label": "health & pharmacy > lifestyle & wellbeing > homeware & home accessories > tissues wipes & sanitisers"
            }
          ]
        ],
        "reviews": {
          "average": null,
          "count": null,
          "rounded": null
        },
        "parent": {
          "product": "2862103",
          "partNumber": "10331890.P",
          "model": "10331890",
          "manufacturerModel": "5741300"
        },
        "images": {
          "thumbnail": "https://boots.scene7.com/is/image/Boots/10331890?wid=45&hei=60&op_sharpen=1"
        },
        "offers": [
          {
            "text": "1/2 price on selected Andrex"
          }
        ],
        "actions": {},
        "iconUri": "https://boots.scene7.com/is/image/Boots/10331890?op_sharpen=1",
        "title": "Andrex Limited Edition Washlets 36sc",
        "referenceUri": "/andrex-limited-edition-washlets-36sc-10331890",
        "canAddToBasket": "yes",
        "opticians": false,
        "inStock": true,
        "expressDelivery": false,
        "hasOtherPromotion": true,
        "channelPromotionalTextMap": {
          "-1": [
            "1/2 price on selected Andrex"
          ],
          "-6": [
            "1/2 price on selected Andrex"
          ]
        },
        "adCardPoints": 0
      },
      {
        "ppuQuantity": "200ML",
        "pricing": {
          "perUnit": "£1.25 per 100ML",
          "regular": {
            "value": 5,
            "currency": "GBP",
            "text": "£5.00"
          },
          "current": {
            "value": 2.5,
            "currency": "GBP",
            "text": "£2.50"
          },
          "saving": {
            "value": 2.5,
            "currency": "GBP",
            "text": "£2.50"
          }
        },
        "objectId": "2826213",
        "brand": "Dove",
        "attributes": {
          "suitable_for": "vegan",
          "product_type": "body wash",
          "StockOverrideMessage": "STOCK_COMING_SOON",
          "gender": "womens",
          "size": "151-200",
          "format": "foam",
          "hasPriceAdvantageDeal": false,
          "skin_type": "all skin types",
          "body_area": "body",
          "key_features": "moisturising",
          "ProductReviewFlag": "1"
        },
        "variants": {
          "colours": [],
          "hasColours": false,
          "hasSizes": false
        },
        "categories": [
          [
            {
              "name": "new in",
              "label": "new in"
            },
            {
              "name": "toiletries",
              "label": "toiletries"
            }
          ],
          [
            {
              "name": "new in toiletries",
              "label": "new in > new in toiletries"
            },
            {
              "name": "bathroom essentials",
              "label": "toiletries > bathroom essentials"
            },
            {
              "name": "new in toiletries",
              "label": "toiletries > new in toiletries"
            }
          ],
          [
            {
              "name": "shower gel",
              "label": "toiletries > bathroom essentials > shower gel"
            }
          ]
        ],
        "reviews": {
          "average": 4.77,
          "count": 43,
          "rounded": 4
        },
        "parent": {
          "product": "2826212",
          "partNumber": "10327287.P",
          "model": "10327287",
          "manufacturerModel": "5468183"
        },
        "images": {
          "thumbnail": "https://boots.scene7.com/is/image/Boots/10327287?wid=45&hei=60&op_sharpen=1"
        },
        "offers": [
          {
            "text": "1/2 price on selected Dove Shower Mousse"
          }
        ],
        "actions": {},
        "iconUri": "https://boots.scene7.com/is/image/Boots/10327287?op_sharpen=1",
        "title": "Dove Shower Mousse Glow 200ml",
        "referenceUri": "/dove-shower-mousse-glow-200ml-10327287",
        "canAddToBasket": "yes",
        "opticians": false,
        "inStock": true,
        "expressDelivery": false,
        "hasOtherPromotion": true,
        "channelPromotionalTextMap": {
          "-1": [
            "1/2 price on selected Dove Shower Mousse"
          ],
          "-6": [
            "1/2 price on selected Dove Shower Mousse"
          ]
        },
        "adCardPoints": 6
      },
      {
        "ppuQuantity": "250ML",
        "pricing": {
          "perUnit": "£1.00 per 100ML",
          "regular": {
            "value": 3,
            "currency": "GBP",
            "text": "£3.00"
          },
          "current": {
            "value": 2.5,
            "currency": "GBP",
            "text": "£2.50"
          },
          "saving": {
            "value": 0.5,
            "currency": "GBP",
            "text": "£0.50"
          }
        },
        "objectId": "2663619",
        "brand": "Sure",
        "attributes": {
          "product_type": [
            "anti-perspirant",
            "deodorant"
          ],
          "size": "201-499",
          "gender": "womens",
          "StockOverrideMessage": "STOCK_COMING_SOON",
          "format": [
            "spray",
            "aerosol"
          ],
          "hasPriceAdvantageDeal": false,
          "skin_type": "all skin types",
          "body_area": "body",
          "key_features": "once-a-day",
          "ProductReviewFlag": "1"
        },
        "variants": {
          "colours": [],
          "hasColours": false,
          "hasSizes": false
        },
        "categories": [
          [
            {
              "name": "new in",
              "label": "new in"
            },
            {
              "name": "sun & holiday",
              "label": "sun & holiday"
            },
            {
              "name": "toiletries",
              "label": "toiletries"
            },
            {
              "name": "love island",
              "label": "love island"
            }
          ],
          [
            {
              "name": "new in toiletries",
              "label": "new in > new in toiletries"
            },
            {
              "name": "love island",
              "label": "sun & holiday > love island"
            },
            {
              "name": "deodorants & antiperspirants",
              "label": "toiletries > deodorants & antiperspirants"
            },
            {
              "name": "new in toiletries",
              "label": "toiletries > new in toiletries"
            },
            {
              "name": "shop the love island villa",
              "label": "love island > shop the love island villa"
            }
          ],
          [
            {
              "name": "shop the love island villa",
              "label": "sun & holiday > love island > shop the love island villa"
            }
          ]
        ],
        "reviews": {
          "average": 4.69,
          "count": 84,
          "rounded": 4
        },
        "parent": {
          "product": "2663618",
          "partNumber": "10311296.P",
          "model": "10311296",
          "manufacturerModel": "2222639"
        },
        "images": {
          "thumbnail": "https://boots.scene7.com/is/image/Boots/10311296?wid=45&hei=60&op_sharpen=1"
        },
        "offers": [
          {
            "text": "Only £2.50 on selected Sure"
          }
        ],
        "actions": {},
        "iconUri": "https://boots.scene7.com/is/image/Boots/10311296?op_sharpen=1",
        "title": "Sure Women Uplift Antiperspirant Deodorant Nonstop 250ml",
        "referenceUri": "/sure-uplifting-and-fresh-nonstop-protection-anti-perspirant-deodorant-aerosol-250-ml-10311296",
        "canAddToBasket": "yes",
        "opticians": false,
        "inStock": true,
        "expressDelivery": false,
        "hasOtherPromotion": true,
        "channelPromotionalTextMap": {
          "-1": [
            "Only £2.50 on selected Sure"
          ],
          "-6": [
            "Only £2.50 on selected Sure"
          ]
        },
        "adCardPoints": 6
      },
      {
        "ppuQuantity": "150ML",
        "pricing": {
          "perUnit": "£2.45 per 100ML",
          "regular": {
            "value": 5.5,
            "currency": "GBP",
            "text": "£5.50"
          },
          "current": {
            "value": 3.67,
            "currency": "GBP",
            "text": "£3.67"
          },
          "saving": {
            "value": 1.83,
            "currency": "GBP",
            "text": "£1.83"
          }
        },
        "objectId": "2696667",
        "brand": "Femfresh",
        "attributes": {
          "suitable_for": "vegan",
          "product_type": "feminine wash",
          "gender": "womens",
          "StockOverrideMessage": "STOCK_COMING_SOON",
          "size": "101-150",
          "format": "foam",
          "hasPriceAdvantageDeal": false,
          "skin_type": "all skin types",
          "body_area": "body",
          "key_features": "freshening",
          "ProductReviewFlag": "1"
        },
        "variants": {
          "colours": [],
          "hasColours": false,
          "hasSizes": false
        },
        "categories": [
          [
            {
              "name": "new in",
              "label": "new in"
            },
            {
              "name": "health & pharmacy",
              "label": "health & pharmacy"
            },
            {
              "name": "toiletries",
              "label": "toiletries"
            }
          ],
          [
            {
              "name": "new in toiletries",
              "label": "new in > new in toiletries"
            },
            {
              "name": "women's health",
              "label": "health & pharmacy > women's health"
            },
            {
              "name": "period products",
              "label": "toiletries > period products"
            },
            {
              "name": "new in toiletries",
              "label": "toiletries > new in toiletries"
            }
          ],
          [
            {
              "name": "intimate wash & wipes",
              "label": "health & pharmacy > women's health > intimate wash & wipes"
            },
            {
              "name": "intimate wash & wipes",
              "label": "toiletries > period products > intimate wash & wipes"
            }
          ]
        ],
        "reviews": {
          "average": 4.74,
          "count": 34,
          "rounded": 4
        },
        "parent": {
          "product": "2696666",
          "partNumber": "10314916.P",
          "model": "10314916",
          "manufacturerModel": "3505820"
        },
        "images": {
          "thumbnail": "https://boots.scene7.com/is/image/Boots/10314916?wid=45&hei=60&op_sharpen=1"
        },
        "offers": [
          {
            "text": "Save 1/3 on selected Femfresh"
          }
        ],
        "actions": {},
        "iconUri": "https://boots.scene7.com/is/image/Boots/10314916?op_sharpen=1",
        "title": "Femfresh Nourish Shower Foam 150ml",
        "referenceUri": "/femfresh-refresh-shower-foam-150ml-10314916",
        "canAddToBasket": "yes",
        "opticians": false,
        "inStock": true,
        "expressDelivery": false,
        "hasOtherPromotion": true,
        "channelPromotionalTextMap": {
          "-1": [
            "Save 1/3 on selected Femfresh"
          ],
          "-6": [
            "Save 1/3 on selected Femfresh"
          ]
        },
        "adCardPoints": 9
      },
      {
        "ppuQuantity": "100UNI",
        "pricing": {
          "perUnit": "£0.01 per 1UNI",
          "regular": {
            "value": 0.75,
            "currency": "GBP",
            "text": "£0.75"
          },
          "current": {
            "value": 0.75,
            "currency": "GBP",
            "text": "£0.75"
          }
        },
        "objectId": "2706160",
        "brand": "Boots",
        "attributes": {
          "hasPriceAdvantageDeal": false,
          "product_type": "tissues",
          "StockOverrideMessage": "STOCK_COMING_SOON",
          "ProductReviewFlag": "1"
        },
        "variants": {
          "colours": [],
          "hasColours": false,
          "hasSizes": false
        },
        "categories": [
          [
            {
              "name": "new in",
              "label": "new in"
            },
            {
              "name": "health & pharmacy",
              "label": "health & pharmacy"
            },
            {
              "name": "toiletries",
              "label": "toiletries"
            }
          ],
          [
            {
              "name": "new in toiletries",
              "label": "new in > new in toiletries"
            },
            {
              "name": "lifestyle & wellbeing",
              "label": "health & pharmacy > lifestyle & wellbeing"
            },
            {
              "name": "bathroom essentials",
              "label": "toiletries > bathroom essentials"
            },
            {
              "name": "new in toiletries",
              "label": "toiletries > new in toiletries"
            }
          ],
          [
            {
              "name": "homeware & home accessories",
              "label": "health & pharmacy > lifestyle & wellbeing > homeware & home accessories"
            },
            {
              "name": "tissues wipes & sanitisers",
              "label": "toiletries > bathroom essentials > tissues wipes & sanitisers"
            }
          ],
          [
            {
              "name": "tissues wipes & sanitisers",
              "label": "health & pharmacy > lifestyle & wellbeing > homeware & home accessories > tissues wipes & sanitisers"
            }
          ]
        ],
        "reviews": {
          "average": 4.19,
          "count": 16,
          "rounded": 4
        },
        "parent": {
          "product": "2706159",
          "partNumber": "10315704.P",
          "model": "10315704",
          "manufacturerModel": "3471403"
        },
        "images": {
          "thumbnail": "https://boots.scene7.com/is/image/Boots/10315704?wid=45&hei=60&op_sharpen=1"
        },
        "offers": [
          {
            "text": "Save 10 percent on selected Boots Brand with your Advantage Card"
          }
        ],
        "actions": {},
        "iconUri": "https://boots.scene7.com/is/image/Boots/10315704?op_sharpen=1",
        "title": "Boots Everyday White Tissues 2ply",
        "referenceUri": "/boots-everyday-white-tissues-2ply-10315704",
        "canAddToBasket": "yes",
        "opticians": false,
        "inStock": true,
        "expressDelivery": false,
        "hasOtherPromotion": true,
        "channelPromotionalTextMap": {
          "-1": [
            "Save 10 percent on selected Boots Brand with your Advantage Card"
          ],
          "-6": [
            "Save 10 percent on selected Boots Brand with your Advantage Card"
          ]
        },
        "adCardPoints": 100
      },
      {
        "ppuQuantity": "60UNI",
        "pricing": {
          "perUnit": "£0.02 per 1UNI",
          "regular": {
            "value": 1,
            "currency": "GBP",
            "text": "£1.00"
          },
          "current": {
            "value": 1,
            "currency": "GBP",
            "text": "£1.00"
          }
        },
        "objectId": "2725591",
        "brand": "Boots",
        "attributes": {
          "format": "balm",
          "hasPriceAdvantageDeal": false,
          "product_type": "tissues",
          "StockOverrideMessage": "STOCK_COMING_SOON",
          "ProductReviewFlag": "1"
        },
        "variants": {
          "colours": [],
          "hasColours": false,
          "hasSizes": false
        },
        "categories": [
          [
            {
              "name": "new in",
              "label": "new in"
            },
            {
              "name": "health & pharmacy",
              "label": "health & pharmacy"
            },
            {
              "name": "toiletries",
              "label": "toiletries"
            }
          ],
          [
            {
              "name": "new in toiletries",
              "label": "new in > new in toiletries"
            },
            {
              "name": "lifestyle & wellbeing",
              "label": "health & pharmacy > lifestyle & wellbeing"
            },
            {
              "name": "bathroom essentials",
              "label": "toiletries > bathroom essentials"
            },
            {
              "name": "new in toiletries",
              "label": "toiletries > new in toiletries"
            }
          ],
          [
            {
              "name": "homeware & home accessories",
              "label": "health & pharmacy > lifestyle & wellbeing > homeware & home accessories"
            },
            {
              "name": "tissues wipes & sanitisers",
              "label": "toiletries > bathroom essentials > tissues wipes & sanitisers"
            }
          ],
          [
            {
              "name": "tissues wipes & sanitisers",
              "label": "health & pharmacy > lifestyle & wellbeing > homeware & home accessories > tissues wipes & sanitisers"
            }
          ]
        ],
        "reviews": {
          "average": 4.17,
          "count": 6,
          "rounded": 4
        },
        "parent": {
          "product": "2725590",
          "partNumber": "10317832.P",
          "model": "10317832",
          "manufacturerModel": "3615421"
        },
        "images": {
          "thumbnail": "https://boots.scene7.com/is/image/Boots/10317832?wid=45&hei=60&op_sharpen=1"
        },
        "offers": [
          {
            "text": "Save 10 percent on selected Boots Brand with your Advantage Card"
          }
        ],
        "actions": {},
        "iconUri": "https://boots.scene7.com/is/image/Boots/10317832?op_sharpen=1",
        "title": "Boots Balsam Tissues Multi Pack 4ply",
        "referenceUri": "/boots-balsam-tissues-multi-pack-4ply-10317832",
        "canAddToBasket": "yes",
        "opticians": false,
        "inStock": true,
        "expressDelivery": false,
        "hasOtherPromotion": true,
        "channelPromotionalTextMap": {
          "-1": [
            "Save 10 percent on selected Boots Brand with your Advantage Card"
          ],
          "-6": [
            "Save 10 percent on selected Boots Brand with your Advantage Card"
          ]
        },
        "adCardPoints": 100
      },
      {
        "ppuQuantity": "75ML",
        "pricing": {
          "perUnit": "£3.33 per 100ML",
          "regular": {
            "value": 5,
            "currency": "GBP",
            "text": "£5.00"
          },
          "current": {
            "value": 2.5,
            "currency": "GBP",
            "text": "£2.50"
          },
          "saving": {
            "value": 2.5,
            "currency": "GBP",
            "text": "£2.50"
          }
        },
        "objectId": "1215836",
        "brand": "Colgate",
        "attributes": {
          "product_type": "toothpaste",
          "StockOverrideMessage": "STOCK_COMING_SOON",
          "size": "71-100",
          "parentCategory_UK": "33015",
          "format": "paste",
          "hasPriceAdvantageDeal": false,
          "key_features": "anti-bacterial",
          "ProductReviewFlag": "1"
        },
        "variants": {
          "colours": [],
          "hasColours": false,
          "hasSizes": false
        },
        "categories": [
          [
            {
              "name": "new in",
              "label": "new in"
            },
            {
              "name": "health & pharmacy",
              "label": "health & pharmacy"
            },
            {
              "name": "toiletries",
              "label": "toiletries"
            }
          ],
          [
            {
              "name": "new in toiletries",
              "label": "new in > new in toiletries"
            },
            {
              "name": "lifestyle & wellbeing",
              "label": "health & pharmacy > lifestyle & wellbeing"
            },
            {
              "name": "dental",
              "label": "toiletries > dental"
            },
            {
              "name": "new in toiletries",
              "label": "toiletries > new in toiletries"
            }
          ],
          [
            {
              "name": "dental",
              "label": "health & pharmacy > lifestyle & wellbeing > dental"
            },
            {
              "name": "teeth whitening",
              "label": "toiletries > dental > teeth whitening"
            },
            {
              "name": "toothpaste",
              "label": "toiletries > dental > toothpaste"
            }
          ],
          [
            {
              "name": "teeth whitening",
              "label": "health & pharmacy > lifestyle & wellbeing > dental > teeth whitening"
            },
            {
              "name": "toothpaste",
              "label": "health & pharmacy > lifestyle & wellbeing > dental > toothpaste"
            }
          ]
        ],
        "reviews": {
          "average": 4.51,
          "count": 177,
          "rounded": 4
        },
        "parent": {
          "product": "1215835",
          "partNumber": "10126236.P",
          "model": "10126236",
          "manufacturerModel": "3034321"
        },
        "images": {
          "thumbnail": "https://boots.scene7.com/is/image/Boots/10126236?wid=45&hei=60&op_sharpen=1"
        },
        "offers": [
          {
            "text": "1/2 price on selected Colgate"
          }
        ],
        "actions": {},
        "iconUri": "https://boots.scene7.com/is/image/Boots/10126236?op_sharpen=1",
        "title": "Colgate Max White One 75ml",
        "referenceUri": "/colgate-max-white-one-whitening-toothpaste-75ml-10126236",
        "canAddToBasket": "yes",
        "opticians": false,
        "inStock": true,
        "expressDelivery": false,
        "hasOtherPromotion": true,
        "channelPromotionalTextMap": {
          "-1": [
            "1/2 price on selected Colgate"
          ],
          "-6": [
            "1/2 price on selected Colgate"
          ]
        },
        "adCardPoints": 6
      },
      {
        "ppuQuantity": "500ML",
        "pricing": {
          "perUnit": "£0.40 per 100ML",
          "regular": {
            "value": 1.99,
            "currency": "GBP",
            "text": "£1.99"
          },
          "current": {
            "value": 1.99,
            "currency": "GBP",
            "text": "£1.99"
          }
        },
        "objectId": "2822625",
        "brand": "Treaclemoon",
        "attributes": {
          "suitable_for": "vegan",
          "gender": "unisex",
          "StockOverrideMessage": "STOCK_COMING_SOON",
          "format": "liquid",
          "protection": "normal",
          "skin_type": "all skin types",
          "product_type": "body wash",
          "size": "500+",
          "hasPriceAdvantageDeal": false,
          "key_features": "dermatologically tested",
          "free_from": "alcohol-free",
          "ProductReviewFlag": "1"
        },
        "variants": {
          "colours": [],
          "hasColours": false,
          "hasSizes": false
        },
        "categories": [
          [
            {
              "name": "new in",
              "label": "new in"
            },
            {
              "name": "toiletries",
              "label": "toiletries"
            }
          ],
          [
            {
              "name": "new in toiletries",
              "label": "new in > new in toiletries"
            },
            {
              "name": "bathroom essentials",
              "label": "toiletries > bathroom essentials"
            },
            {
              "name": "new in toiletries",
              "label": "toiletries > new in toiletries"
            }
          ],
          [
            {
              "name": "shower gel",
              "label": "toiletries > bathroom essentials > shower gel"
            },
            {
              "name": "bubble bath & oil",
              "label": "toiletries > bathroom essentials > bubble bath & oil"
            }
          ]
        ],
        "reviews": {
          "average": 4.6,
          "count": 25,
          "rounded": 4
        },
        "parent": {
          "product": "2822624",
          "partNumber": "10326969.P",
          "model": "10326969",
          "manufacturerModel": "5446805"
        },
        "images": {
          "thumbnail": "https://boots.scene7.com/is/image/Boots/10326969?wid=45&hei=60&op_sharpen=1"
        },
        "offers": [],
        "actions": {},
        "iconUri": "https://boots.scene7.com/is/image/Boots/10326969?op_sharpen=1",
        "title": "Treaclemoon Frosted Candy Angel Shower & Bath Gel 500ml",
        "referenceUri": "/treaclemoon-frosted-candy-angel-shower-bath-gel-500ml-10326969",
        "canAddToBasket": "yes",
        "opticians": false,
        "inStock": true,
        "expressDelivery": false,
        "hasOtherPromotion": false,
        "channelPromotionalTextMap": {
          "-1": [],
          "-6": []
        },
        "adCardPoints": 3
      },
      {
        "ppuQuantity": "250ML",
        "pricing": {
          "perUnit": "£0.40 per 100ML",
          "regular": {
            "value": 1.25,
            "currency": "GBP",
            "text": "£1.25"
          },
          "current": {
            "value": 1,
            "currency": "GBP",
            "text": "£1.00"
          },
          "saving": {
            "value": 0.25,
            "currency": "GBP",
            "text": "£0.25"
          }
        },
        "objectId": "2711093",
        "brand": "Ineos",
        "attributes": {
          "product_type": "hand wash",
          "StockOverrideMessage": "STOCK_COMING_SOON",
          "gender": "unisex",
          "format": "liquid",
          "hasPriceAdvantageDeal": false,
          "skin_type": "all skin types",
          "body_area": "hand",
          "key_features": "anti-bacterial",
          "ProductReviewFlag": "1"
        },
        "variants": {
          "colours": [],
          "hasColours": false,
          "hasSizes": false
        },
        "categories": [
          [
            {
              "name": "new in",
              "label": "new in"
            },
            {
              "name": "toiletries",
              "label": "toiletries"
            }
          ],
          [
            {
              "name": "new in toiletries",
              "label": "new in > new in toiletries"
            },
            {
              "name": "bathroom essentials",
              "label": "toiletries > bathroom essentials"
            },
            {
              "name": "new in toiletries",
              "label": "toiletries > new in toiletries"
            }
          ],
          [
            {
              "name": "soap & hand wash",
              "label": "toiletries > bathroom essentials > soap & hand wash"
            },
            {
              "name": "shower gel",
              "label": "toiletries > bathroom essentials > shower gel"
            }
          ]
        ],
        "reviews": {
          "average": 4.77,
          "count": 116,
          "rounded": 4
        },
        "parent": {
          "product": "2711092",
          "partNumber": "10316463.P",
          "model": "10316463",
          "manufacturerModel": "3840999"
        },
        "images": {
          "thumbnail": "https://boots.scene7.com/is/image/Boots/10316463?wid=45&hei=60&op_sharpen=1"
        },
        "offers": [
          {
            "text": "Save 20 percent on selected Ineos"
          }
        ],
        "actions": {},
        "iconUri": "https://boots.scene7.com/is/image/Boots/10316463?op_sharpen=1",
        "title": "INEOS Protective Hand Wash with Sea Minerals 250ml",
        "referenceUri": "/webapp/wcs/stores/servlet/ProductDisplay?errorViewName=ProductDisplayErrorView&storeId=11352&urlLangId=-1&productId=2711092&catalogId=28501&langId=-1",
        "canAddToBasket": "yes",
        "opticians": false,
        "inStock": true,
        "expressDelivery": false,
        "hasOtherPromotion": true,
        "channelPromotionalTextMap": {
          "-1": [
            "Save 20 percent on selected Ineos"
          ],
          "-6": [
            "Save 20 percent on selected Ineos"
          ]
        },
        "adCardPoints": 3
      },
      {
        "ppuQuantity": "515ML",
        "pricing": {
          "perUnit": "£0.58 per 100ML",
          "regular": {
            "value": 4.49,
            "currency": "GBP",
            "text": "£4.49"
          },
          "current": {
            "value": 2.99,
            "currency": "GBP",
            "text": "£2.99"
          },
          "saving": {
            "value": 1.5,
            "currency": "GBP",
            "text": "£1.50"
          }
        },
        "objectId": "2826137",
        "brand": "Sanex",
        "attributes": {
          "hasPriceAdvantageDeal": false,
          "product_type": "shower gel",
          "StockOverrideMessage": "STOCK_COMING_SOON",
          "ProductReviewFlag": "1"
        },
        "variants": {
          "colours": [],
          "hasColours": false,
          "hasSizes": false
        },
        "categories": [
          [
            {
              "name": "new in",
              "label": "new in"
            },
            {
              "name": "toiletries",
              "label": "toiletries"
            }
          ],
          [
            {
              "name": "new in toiletries",
              "label": "new in > new in toiletries"
            },
            {
              "name": "bathroom essentials",
              "label": "toiletries > bathroom essentials"
            },
            {
              "name": "new in toiletries",
              "label": "toiletries > new in toiletries"
            }
          ],
          [
            {
              "name": "shower gel",
              "label": "toiletries > bathroom essentials > shower gel"
            }
          ]
        ],
        "reviews": {
          "average": 4.47,
          "count": 265,
          "rounded": 4
        },
        "parent": {
          "product": "2826136",
          "partNumber": "10327250.P",
          "model": "10327250",
          "manufacturerModel": "5467675"
        },
        "images": {
          "thumbnail": "https://boots.scene7.com/is/image/Boots/10327250?wid=45&hei=60&op_sharpen=1"
        },
        "offers": [
          {
            "text": "Save 1/3 on selected Sanex"
          }
        ],
        "actions": {},
        "iconUri": "https://boots.scene7.com/is/image/Boots/10327250?op_sharpen=1",
        "title": "Sanex Expert Skin Health + Atopicare Oil Repair Shower Gel 515ml",
        "referenceUri": "/sanex-expert-skin-health-atopicare-oil-repair-shower-gel-515ml-10327250",
        "canAddToBasket": "yes",
        "opticians": false,
        "inStock": true,
        "expressDelivery": false,
        "hasOtherPromotion": true,
        "channelPromotionalTextMap": {
          "-1": [
            "Save 1/3 on selected Sanex"
          ],
          "-6": [
            "Save 1/3 on selected Sanex"
          ]
        },
        "adCardPoints": 6
      },
      {
        "ppuQuantity": "40UNI",
        "pricing": {
          "perUnit": "£0.04 per 1UNI",
          "regular": {
            "value": 2.49,
            "currency": "GBP",
            "text": "£2.49"
          },
          "current": {
            "value": 1.49,
            "currency": "GBP",
            "text": "£1.49"
          },
          "saving": {
            "value": 1,
            "currency": "GBP",
            "text": "£1.00"
          }
        },
        "objectId": "2673647",
        "brand": "Kleenex",
        "attributes": {
          "product_type": "tissues",
          "StockOverrideMessage": "STOCK_COMING_SOON",
          "gender": "unisex",
          "hasPriceAdvantageDeal": false,
          "body_area": "face",
          "key_features": "ultra soft",
          "ProductReviewFlag": "1"
        },
        "variants": {
          "colours": [],
          "hasColours": false,
          "hasSizes": false
        },
        "categories": [
          [
            {
              "name": "new in",
              "label": "new in"
            },
            {
              "name": "health & pharmacy",
              "label": "health & pharmacy"
            },
            {
              "name": "toiletries",
              "label": "toiletries"
            }
          ],
          [
            {
              "name": "new in toiletries",
              "label": "new in > new in toiletries"
            },
            {
              "name": "lifestyle & wellbeing",
              "label": "health & pharmacy > lifestyle & wellbeing"
            },
            {
              "name": "bathroom essentials",
              "label": "toiletries > bathroom essentials"
            },
            {
              "name": "new in toiletries",
              "label": "toiletries > new in toiletries"
            }
          ],
          [
            {
              "name": "homeware & home accessories",
              "label": "health & pharmacy > lifestyle & wellbeing > homeware & home accessories"
            },
            {
              "name": "tissues wipes & sanitisers",
              "label": "toiletries > bathroom essentials > tissues wipes & sanitisers"
            }
          ],
          [
            {
              "name": "tissues wipes & sanitisers",
              "label": "health & pharmacy > lifestyle & wellbeing > homeware & home accessories > tissues wipes & sanitisers"
            }
          ]
        ],
        "reviews": {
          "average": 4.82,
          "count": 103,
          "rounded": 4
        },
        "parent": {
          "product": "2673646",
          "partNumber": "10312306.P",
          "model": "10312306",
          "manufacturerModel": "2546701"
        },
        "images": {
          "thumbnail": "https://boots.scene7.com/is/image/Boots/10312306?wid=45&hei=60&op_sharpen=1"
        },
        "offers": [
          {
            "text": "Up to 1/2 price on Kleenex Ultra Soft Extra Long Tissues Single Compact Box 40s"
          }
        ],
        "actions": {},
        "iconUri": "https://boots.scene7.com/is/image/Boots/10312306?op_sharpen=1",
        "title": "Kleenex Ultra Soft Extra Long Tissues Single Compact Box 40s",
        "referenceUri": "/kleenex-ultra-soft-extra-long-tissues-single-compact-box-40s-10312306",
        "canAddToBasket": "yes",
        "opticians": false,
        "inStock": true,
        "expressDelivery": false,
        "hasOtherPromotion": true,
        "channelPromotionalTextMap": {
          "-1": [
            "Up to 1/2 price on Kleenex Ultra Soft Extra Long Tissues Single Compact Box 40s"
          ],
          "-6": [
            "Up to 1/2 price on Kleenex Ultra Soft Extra Long Tissues Single Compact Box 40s"
          ]
        },
        "adCardPoints": 3
      },
      {
        "ppuQuantity": "180G",
        "pricing": {
          "perUnit": "£0.83 per 100G",
          "regular": {
            "value": 1.5,
            "currency": "GBP",
            "text": "£1.50"
          },
          "current": {
            "value": 1.5,
            "currency": "GBP",
            "text": "£1.50"
          }
        },
        "objectId": "2656096",
        "brand": "Dove",
        "attributes": {
          "product_type": "soap",
          "StockOverrideMessage": "STOCK_COMING_SOON",
          "size": "71-100",
          "format": "bar",
          "hasPriceAdvantageDeal": false,
          "skin_type": "all skin types",
          "key_features": [
            "nourishing",
            "moisturising",
            "cleansing"
          ],
          "ProductReviewFlag": "1"
        },
        "variants": {
          "colours": [],
          "hasColours": false,
          "hasSizes": false
        },
        "categories": [
          [
            {
              "name": "new in",
              "label": "new in"
            },
            {
              "name": "toiletries",
              "label": "toiletries"
            }
          ],
          [
            {
              "name": "new in toiletries",
              "label": "new in > new in toiletries"
            },
            {
              "name": "bathroom essentials",
              "label": "toiletries > bathroom essentials"
            },
            {
              "name": "new in toiletries",
              "label": "toiletries > new in toiletries"
            }
          ],
          [
            {
              "name": "soap & hand wash",
              "label": "toiletries > bathroom essentials > soap & hand wash"
            }
          ]
        ],
        "reviews": {
          "average": 4.37,
          "count": 81,
          "rounded": 4
        },
        "parent": {
          "product": "2656095",
          "partNumber": "10309019.P",
          "model": "10309019",
          "manufacturerModel": "1358367"
        },
        "images": {
          "thumbnail": "https://boots.scene7.com/is/image/Boots/10309019?wid=45&hei=60&op_sharpen=1"
        },
        "offers": [],
        "actions": {},
        "iconUri": "https://boots.scene7.com/is/image/Boots/10309019?op_sharpen=1",
        "title": "Dove Pure & Sensitive Hypoallergenic Beauty Bar with ¼ moisturising cream for softer, smoother, healthier-looking skin 2x90g",
        "referenceUri": "/dove-pure-and-sensitive-beauty-bar-2-x-90-g-10309019",
        "canAddToBasket": "yes",
        "opticians": false,
        "inStock": true,
        "expressDelivery": false,
        "hasOtherPromotion": false,
        "channelPromotionalTextMap": {
          "-1": [],
          "-6": []
        },
        "adCardPoints": 3
      },
      {
        "ppuQuantity": "100ML",
        "pricing": {
          "perUnit": "£1.30 per 100ML",
          "regular": {
            "value": 1.3,
            "currency": "GBP",
            "text": "£1.30"
          },
          "current": {
            "value": 1.3,
            "currency": "GBP",
            "text": "£1.30"
          }
        },
        "objectId": "2845621",
        "brand": "Aquafresh",
        "attributes": {
          "condition": "bad breath",
          "product_type": "toothpaste",
          "StockOverrideMessage": "STOCK_COMING_SOON",
          "pack_size": "71–100",
          "format": "paste",
          "hasPriceAdvantageDeal": false,
          "key_features": [
            "freshening",
            "whitening"
          ],
          "ProductReviewFlag": "1"
        },
        "variants": {
          "colours": [],
          "hasColours": false,
          "hasSizes": false
        },
        "categories": [
          [
            {
              "name": "new in",
              "label": "new in"
            },
            {
              "name": "health & pharmacy",
              "label": "health & pharmacy"
            },
            {
              "name": "toiletries",
              "label": "toiletries"
            }
          ],
          [
            {
              "name": "new in toiletries",
              "label": "new in > new in toiletries"
            },
            {
              "name": "lifestyle & wellbeing",
              "label": "health & pharmacy > lifestyle & wellbeing"
            },
            {
              "name": "dental",
              "label": "toiletries > dental"
            },
            {
              "name": "new in toiletries",
              "label": "toiletries > new in toiletries"
            }
          ],
          [
            {
              "name": "dental",
              "label": "health & pharmacy > lifestyle & wellbeing > dental"
            },
            {
              "name": "teeth whitening",
              "label": "toiletries > dental > teeth whitening"
            },
            {
              "name": "toothpaste",
              "label": "toiletries > dental > toothpaste"
            }
          ],
          [
            {
              "name": "teeth whitening",
              "label": "health & pharmacy > lifestyle & wellbeing > dental > teeth whitening"
            },
            {
              "name": "toothpaste",
              "label": "health & pharmacy > lifestyle & wellbeing > dental > toothpaste"
            }
          ]
        ],
        "reviews": {
          "average": 5,
          "count": 3,
          "rounded": 5
        },
        "parent": {
          "product": "2845620",
          "partNumber": "10329573.P",
          "model": "10329573",
          "manufacturerModel": "5699355"
        },
        "images": {
          "thumbnail": "https://boots.scene7.com/is/image/Boots/10329573?wid=45&hei=60&op_sharpen=1"
        },
        "offers": [],
        "actions": {},
        "iconUri": "https://boots.scene7.com/is/image/Boots/10329573?op_sharpen=1",
        "title": "Aquafresh Complete Care Whitening Toothpaste, 100ml",
        "referenceUri": "/aquafresh-complete-care-toothpaste-whitening-100ml-10329573",
        "canAddToBasket": "yes",
        "opticians": false,
        "inStock": true,
        "expressDelivery": false,
        "hasOtherPromotion": false,
        "channelPromotionalTextMap": {
          "-1": [],
          "-6": []
        },
        "adCardPoints": 3
      },
      {
        "ppuQuantity": "14UNI",
        "pricing": {
          "perUnit": "£0.24 per 1UNI",
          "regular": {
            "value": 3.4,
            "currency": "GBP",
            "text": "£3.40"
          },
          "current": {
            "value": 3.4,
            "currency": "GBP",
            "text": "£3.40"
          }
        },
        "objectId": "2723597",
        "brand": "Always",
        "attributes": {
          "hasPriceAdvantageDeal": false,
          "product_type": "sanitary towels",
          "StockOverrideMessage": "STOCK_COMING_SOON",
          "key_features": "with wings",
          "ProductReviewFlag": "1"
        },
        "variants": {
          "colours": [],
          "hasColours": false,
          "hasSizes": false
        },
        "categories": [
          [
            {
              "name": "new in",
              "label": "new in"
            },
            {
              "name": "toiletries",
              "label": "toiletries"
            }
          ],
          [
            {
              "name": "new in toiletries",
              "label": "new in > new in toiletries"
            },
            {
              "name": "period products",
              "label": "toiletries > period products"
            },
            {
              "name": "new in toiletries",
              "label": "toiletries > new in toiletries"
            }
          ],
          [
            {
              "name": "sanitary pads",
              "label": "toiletries > period products > sanitary pads"
            }
          ]
        ],
        "reviews": {
          "average": 4.81,
          "count": 915,
          "rounded": 4
        },
        "parent": {
          "product": "2723596",
          "partNumber": "10317687.P",
          "model": "10317687",
          "manufacturerModel": "4176766"
        },
        "images": {
          "thumbnail": "https://boots.scene7.com/is/image/Boots/10317687?wid=45&hei=60&op_sharpen=1"
        },
        "offers": [
          {
            "text": "2 for £6 on selected Always and Tampax"
          }
        ],
        "actions": {},
        "iconUri": "https://boots.scene7.com/is/image/Boots/10317687?op_sharpen=1",
        "title": "Always Ultra Sanitary Towels Secure Night Extra (Size 5) Wings x14 Pads",
        "referenceUri": "/always-ultra-sanitary-towels-secure-night-extra-%28size-5%29-wings-x14-pads-10317687",
        "canAddToBasket": "yes",
        "opticians": false,
        "inStock": true,
        "expressDelivery": false,
        "hasOtherPromotion": true,
        "channelPromotionalTextMap": {
          "-1": [
            "2 for £6 on selected Always and Tampax"
          ],
          "-6": [
            "2 for £6 on selected Always and Tampax"
          ]
        },
        "adCardPoints": 9
      },
      {
        "ppuQuantity": "515ML",
        "pricing": {
          "perUnit": "£0.58 per 100ML",
          "regular": {
            "value": 4.49,
            "currency": "GBP",
            "text": "£4.49"
          },
          "current": {
            "value": 2.99,
            "currency": "GBP",
            "text": "£2.99"
          },
          "saving": {
            "value": 1.5,
            "currency": "GBP",
            "text": "£1.50"
          }
        },
        "objectId": "2826145",
        "brand": "Sanex",
        "attributes": {
          "hasPriceAdvantageDeal": false,
          "product_type": "shower gel",
          "StockOverrideMessage": "STOCK_COMING_SOON",
          "ProductReviewFlag": "1"
        },
        "variants": {
          "colours": [],
          "hasColours": false,
          "hasSizes": false
        },
        "categories": [
          [
            {
              "name": "new in",
              "label": "new in"
            },
            {
              "name": "toiletries",
              "label": "toiletries"
            }
          ],
          [
            {
              "name": "new in toiletries",
              "label": "new in > new in toiletries"
            },
            {
              "name": "bathroom essentials",
              "label": "toiletries > bathroom essentials"
            },
            {
              "name": "new in toiletries",
              "label": "toiletries > new in toiletries"
            }
          ],
          [
            {
              "name": "shower gel",
              "label": "toiletries > bathroom essentials > shower gel"
            }
          ]
        ],
        "reviews": {
          "average": 4.7,
          "count": 90,
          "rounded": 4
        },
        "parent": {
          "product": "2826144",
          "partNumber": "10327249.P",
          "model": "10327249",
          "manufacturerModel": "5467667"
        },
        "images": {
          "thumbnail": "https://boots.scene7.com/is/image/Boots/10327249?wid=45&hei=60&op_sharpen=1"
        },
        "offers": [
          {
            "text": "Save 1/3 on selected Sanex"
          }
        ],
        "actions": {},
        "iconUri": "https://boots.scene7.com/is/image/Boots/10327249?op_sharpen=1",
        "title": "Sanex Expert Skin Health+ Micellar Soothing Shower Gel 515ml",
        "referenceUri": "/sanex-expert-skin-health-micellar-soothing-shower-gel-515ml-10327249",
        "canAddToBasket": "yes",
        "opticians": false,
        "inStock": true,
        "expressDelivery": false,
        "hasOtherPromotion": true,
        "channelPromotionalTextMap": {
          "-1": [
            "Save 1/3 on selected Sanex"
          ],
          "-6": [
            "Save 1/3 on selected Sanex"
          ]
        },
        "adCardPoints": 6
      },
      {
        "ppuQuantity": "225ML",
        "pricing": {
          "perUnit": "£0.44 per 100ML",
          "regular": {
            "value": 1,
            "currency": "GBP",
            "text": "£1.00"
          },
          "current": {
            "value": 1,
            "currency": "GBP",
            "text": "£1.00"
          }
        },
        "objectId": "2826123",
        "brand": "Radox",
        "attributes": {
          "product_type": "shower gel",
          "gender": "unisex",
          "StockOverrideMessage": "STOCK_COMING_SOON",
          "size": "201-499",
          "format": "liquid",
          "hasPriceAdvantageDeal": false,
          "skin_type": "all skin types",
          "body_area": "body",
          "key_features": "refreshing",
          "ProductReviewFlag": "1"
        },
        "variants": {
          "colours": [],
          "hasColours": false,
          "hasSizes": false
        },
        "categories": [
          [
            {
              "name": "new in",
              "label": "new in"
            },
            {
              "name": "toiletries",
              "label": "toiletries"
            }
          ],
          [
            {
              "name": "new in toiletries",
              "label": "new in > new in toiletries"
            },
            {
              "name": "bathroom essentials",
              "label": "toiletries > bathroom essentials"
            },
            {
              "name": "new in toiletries",
              "label": "toiletries > new in toiletries"
            }
          ],
          [
            {
              "name": "shower gel",
              "label": "toiletries > bathroom essentials > shower gel"
            }
          ]
        ],
        "reviews": {
          "average": 4.81,
          "count": 115,
          "rounded": 4
        },
        "parent": {
          "product": "2826122",
          "partNumber": "10327242.P",
          "model": "10327242",
          "manufacturerModel": "5467594"
        },
        "images": {
          "thumbnail": "https://boots.scene7.com/is/image/Boots/10327242?wid=45&hei=60&op_sharpen=1"
        },
        "offers": [],
        "actions": {},
        "iconUri": "https://boots.scene7.com/is/image/Boots/10327242?op_sharpen=1",
        "title": "Radox Mineral Therapy Feel Radiant Shower Gel 225ml",
        "referenceUri": "/radox-mineral-therapy-feel-radiant-shower-gel-225ml-10327242",
        "canAddToBasket": "yes",
        "opticians": false,
        "inStock": true,
        "expressDelivery": false,
        "hasOtherPromotion": false,
        "channelPromotionalTextMap": {
          "-1": [],
          "-6": []
        },
        "adCardPoints": 3
      },
      {
        "ppuQuantity": "200ML",
        "pricing": {
          "perUnit": "£1.25 per 100ML",
          "regular": {
            "value": 5,
            "currency": "GBP",
            "text": "£5.00"
          },
          "current": {
            "value": 2.5,
            "currency": "GBP",
            "text": "£2.50"
          },
          "saving": {
            "value": 2.5,
            "currency": "GBP",
            "text": "£2.50"
          }
        },
        "objectId": "2826211",
        "brand": "Dove",
        "attributes": {
          "suitable_for": "vegan",
          "product_type": "body wash",
          "StockOverrideMessage": "STOCK_COMING_SOON",
          "gender": "womens",
          "size": "151-200",
          "format": "foam",
          "hasPriceAdvantageDeal": false,
          "skin_type": "all skin types",
          "body_area": "body",
          "key_features": "moisturising",
          "ProductReviewFlag": "1"
        },
        "variants": {
          "colours": [],
          "hasColours": false,
          "hasSizes": false
        },
        "categories": [
          [
            {
              "name": "new in",
              "label": "new in"
            },
            {
              "name": "toiletries",
              "label": "toiletries"
            }
          ],
          [
            {
              "name": "new in toiletries",
              "label": "new in > new in toiletries"
            },
            {
              "name": "bathroom essentials",
              "label": "toiletries > bathroom essentials"
            },
            {
              "name": "new in toiletries",
              "label": "toiletries > new in toiletries"
            }
          ],
          [
            {
              "name": "shower gel",
              "label": "toiletries > bathroom essentials > shower gel"
            }
          ]
        ],
        "reviews": {
          "average": 4.67,
          "count": 46,
          "rounded": 4
        },
        "parent": {
          "product": "2826210",
          "partNumber": "10327286.P",
          "model": "10327286",
          "manufacturerModel": "5468175"
        },
        "images": {
          "thumbnail": "https://boots.scene7.com/is/image/Boots/10327286?wid=45&hei=60&op_sharpen=1"
        },
        "offers": [
          {
            "text": "1/2 price on selected Dove Shower Mousse"
          }
        ],
        "actions": {},
        "iconUri": "https://boots.scene7.com/is/image/Boots/10327286?op_sharpen=1",
        "title": "Dove Shower Mousse Foam Renew 200ml",
        "referenceUri": "/dove-shower-mousse-renew-200ml-10327286",
        "canAddToBasket": "yes",
        "opticians": false,
        "inStock": true,
        "expressDelivery": false,
        "hasOtherPromotion": true,
        "channelPromotionalTextMap": {
          "-1": [
            "1/2 price on selected Dove Shower Mousse"
          ],
          "-6": [
            "1/2 price on selected Dove Shower Mousse"
          ]
        },
        "adCardPoints": 6
      },
      {
        "ppuQuantity": "450ML",
        "pricing": {
          "perUnit": "£0.67 per 100ML",
          "regular": {
            "value": 3,
            "currency": "GBP",
            "text": "£3.00"
          },
          "current": {
            "value": 3,
            "currency": "GBP",
            "text": "£3.00"
          }
        },
        "objectId": "2644161",
        "brand": "Dove",
        "attributes": {
          "product_type": "body wash",
          "StockOverrideMessage": "STOCK_COMING_SOON",
          "size": "201-499",
          "format": "liquid",
          "hasPriceAdvantageDeal": false,
          "key_features": [
            "dermatologically tested",
            "moisturising",
            "cleansing"
          ],
          "ProductReviewFlag": "1"
        },
        "variants": {
          "colours": [],
          "hasColours": false,
          "hasSizes": false
        },
        "categories": [
          [
            {
              "name": "new in",
              "label": "new in"
            },
            {
              "name": "toiletries",
              "label": "toiletries"
            }
          ],
          [
            {
              "name": "new in toiletries",
              "label": "new in > new in toiletries"
            },
            {
              "name": "bathroom essentials",
              "label": "toiletries > bathroom essentials"
            },
            {
              "name": "toiletries offers",
              "label": "toiletries > toiletries offers"
            },
            {
              "name": "new in toiletries",
              "label": "toiletries > new in toiletries"
            }
          ],
          [
            {
              "name": "body scrub",
              "label": "toiletries > bathroom essentials > body scrub"
            },
            {
              "name": "shower gel",
              "label": "toiletries > bathroom essentials > shower gel"
            }
          ]
        ],
        "reviews": {
          "average": 4.76,
          "count": 66,
          "rounded": 4
        },
        "parent": {
          "product": "2644160",
          "partNumber": "10307241.P",
          "model": "10307241",
          "manufacturerModel": "1110470"
        },
        "images": {
          "thumbnail": "https://boots.scene7.com/is/image/Boots/10307241?wid=45&hei=60&op_sharpen=1"
        },
        "offers": [],
        "actions": {},
        "iconUri": "https://boots.scene7.com/is/image/Boots/10307241?op_sharpen=1",
        "title": "Dove Anti-Stress with Triple Moisture Serum Body Wash Shower Gel helps calm dry, stressed skin in just one shower 450ml",
        "referenceUri": "/dove-anti-stress-body-wash-with-triple-moisture-serum-450-ml-10307241",
        "canAddToBasket": "yes",
        "opticians": false,
        "inStock": true,
        "expressDelivery": false,
        "hasOtherPromotion": false,
        "channelPromotionalTextMap": {
          "-1": [],
          "-6": []
        },
        "adCardPoints": 9
      },
      {
        "ppuQuantity": "26UNI",
        "pricing": {
          "perUnit": "£0.06 per 1UNI",
          "regular": {
            "value": 1.55,
            "currency": "GBP",
            "text": "£1.55"
          },
          "current": {
            "value": 1.55,
            "currency": "GBP",
            "text": "£1.55"
          }
        },
        "objectId": "2820603",
        "brand": "Bodyform",
        "attributes": {
          "product_type": "panty liners",
          "StockOverrideMessage": "STOCK_COMING_SOON",
          "gender": "womens",
          "hasPriceAdvantageDeal": false,
          "protection": "normal",
          "skin_type": "all skin types",
          "free_from": "fragrance-free",
          "key_features": "ultra soft",
          "ProductReviewFlag": "1"
        },
        "variants": {
          "colours": [],
          "hasColours": false,
          "hasSizes": false
        },
        "categories": [
          [
            {
              "name": "new in",
              "label": "new in"
            },
            {
              "name": "toiletries",
              "label": "toiletries"
            }
          ],
          [
            {
              "name": "new in toiletries",
              "label": "new in > new in toiletries"
            },
            {
              "name": "period products",
              "label": "toiletries > period products"
            },
            {
              "name": "new in toiletries",
              "label": "toiletries > new in toiletries"
            }
          ],
          [
            {
              "name": "panty liners",
              "label": "toiletries > period products > panty liners"
            },
            {
              "name": "sanitary pads",
              "label": "toiletries > period products > sanitary pads"
            }
          ]
        ],
        "reviews": {
          "average": 4.56,
          "count": 9,
          "rounded": 4
        },
        "parent": {
          "product": "2820602",
          "partNumber": "10326639.P",
          "model": "10326639",
          "manufacturerModel": "5442133"
        },
        "images": {
          "thumbnail": "https://boots.scene7.com/is/image/Boots/10326639?wid=45&hei=60&op_sharpen=1"
        },
        "offers": [
          {
            "text": "2 for £2 on selected Bodyform"
          }
        ],
        "actions": {},
        "iconUri": "https://boots.scene7.com/is/image/Boots/10326639?op_sharpen=1",
        "title": "Bodyform Dailies Black Normal Panty Liners 26 pack",
        "referenceUri": "/bodyform-dailies-black-normal-panty-liners-26-pack-10326639",
        "canAddToBasket": "yes",
        "opticians": false,
        "inStock": true,
        "expressDelivery": false,
        "hasOtherPromotion": true,
        "channelPromotionalTextMap": {
          "-1": [
            "2 for £2 on selected Bodyform"
          ],
          "-6": [
            "2 for £2 on selected Bodyform"
          ]
        },
        "adCardPoints": 3
      },
      {
        "ppuQuantity": "250ML",
        "pricing": {
          "perUnit": "£1.00 per 100ML",
          "regular": {
            "value": 3,
            "currency": "GBP",
            "text": "£3.00"
          },
          "current": {
            "value": 2.5,
            "currency": "GBP",
            "text": "£2.50"
          },
          "saving": {
            "value": 0.5,
            "currency": "GBP",
            "text": "£0.50"
          }
        },
        "objectId": "2663613",
        "brand": "Sure",
        "attributes": {
          "product_type": [
            "anti-perspirant",
            "deodorant"
          ],
          "size": "201-499",
          "gender": "womens",
          "StockOverrideMessage": "STOCK_COMING_SOON",
          "format": [
            "spray",
            "aerosol"
          ],
          "hasPriceAdvantageDeal": false,
          "skin_type": "all skin types",
          "body_area": "body",
          "key_features": "once-a-day",
          "ProductReviewFlag": "1"
        },
        "variants": {
          "colours": [],
          "hasColours": false,
          "hasSizes": false
        },
        "categories": [
          [
            {
              "name": "new in",
              "label": "new in"
            },
            {
              "name": "sun & holiday",
              "label": "sun & holiday"
            },
            {
              "name": "toiletries",
              "label": "toiletries"
            },
            {
              "name": "love island",
              "label": "love island"
            }
          ],
          [
            {
              "name": "new in toiletries",
              "label": "new in > new in toiletries"
            },
            {
              "name": "love island",
              "label": "sun & holiday > love island"
            },
            {
              "name": "deodorants & antiperspirants",
              "label": "toiletries > deodorants & antiperspirants"
            },
            {
              "name": "new in toiletries",
              "label": "toiletries > new in toiletries"
            },
            {
              "name": "shop the love island villa",
              "label": "love island > shop the love island villa"
            }
          ],
          [
            {
              "name": "shop the love island villa",
              "label": "sun & holiday > love island > shop the love island villa"
            }
          ]
        ],
        "reviews": {
          "average": 4.88,
          "count": 65,
          "rounded": 4
        },
        "parent": {
          "product": "2663612",
          "partNumber": "10311293.P",
          "model": "10311293",
          "manufacturerModel": "2222175"
        },
        "images": {
          "thumbnail": "https://boots.scene7.com/is/image/Boots/10311293?wid=45&hei=60&op_sharpen=1"
        },
        "offers": [
          {
            "text": "Only £2.50 on selected Sure"
          }
        ],
        "actions": {},
        "iconUri": "https://boots.scene7.com/is/image/Boots/10311293?op_sharpen=1",
        "title": "Sure Women Bright Antiperspirant Deodorant Nonstop 250ml",
        "referenceUri": "/sure-bright-bouquet-nonstop-protection-anti-perspirant-deodorant-aerosol-250-ml-10311293",
        "canAddToBasket": "yes",
        "opticians": false,
        "inStock": true,
        "expressDelivery": false,
        "hasOtherPromotion": true,
        "channelPromotionalTextMap": {
          "-1": [
            "Only £2.50 on selected Sure"
          ],
          "-6": [
            "Only £2.50 on selected Sure"
          ]
        },
        "adCardPoints": 6
      },
      {
        "ppuQuantity": "10UNI",
        "pricing": {
          "perUnit": "£0.33 per 1UNI",
          "regular": {
            "value": 3.29,
            "currency": "GBP",
            "text": "£3.29"
          },
          "current": {
            "value": 3.29,
            "currency": "GBP",
            "text": "£3.29"
          }
        },
        "objectId": "2677875",
        "brand": "Staydry",
        "attributes": {
          "colour": "white",
          "product_type": [
            "bladder weakness",
            "pads"
          ],
          "StockOverrideMessage": "STOCK_COMING_SOON",
          "gender": [
            "womens",
            "unisex"
          ],
          "pack_size": "11–20",
          "hasPriceAdvantageDeal": false,
          "protection": "maxi",
          "key_features": [
            "without wings",
            "dermatologically tested"
          ],
          "ProductReviewFlag": "1"
        },
        "variants": {
          "colours": [],
          "hasColours": false,
          "hasSizes": false
        },
        "categories": [
          [
            {
              "name": "new in",
              "label": "new in"
            },
            {
              "name": "health & pharmacy",
              "label": "health & pharmacy"
            },
            {
              "name": "toiletries",
              "label": "toiletries"
            }
          ],
          [
            {
              "name": "new in toiletries",
              "label": "new in > new in toiletries"
            },
            {
              "name": "mobility & daily living aids",
              "label": "health & pharmacy > mobility & daily living aids"
            },
            {
              "name": "women's health",
              "label": "health & pharmacy > women's health"
            },
            {
              "name": "incontinence",
              "label": "health & pharmacy > incontinence"
            },
            {
              "name": "period products",
              "label": "toiletries > period products"
            },
            {
              "name": "incontinence",
              "label": "toiletries > incontinence"
            },
            {
              "name": "new in toiletries",
              "label": "toiletries > new in toiletries"
            }
          ],
          [
            {
              "name": "incontinence",
              "label": "health & pharmacy > mobility & daily living aids > incontinence"
            },
            {
              "name": "female incontinence",
              "label": "health & pharmacy > women's health > female incontinence"
            },
            {
              "name": "female incontinence",
              "label": "health & pharmacy > incontinence > female incontinence"
            },
            {
              "name": "bladder weakness",
              "label": "health & pharmacy > incontinence > bladder weakness"
            },
            {
              "name": "incontinence pads",
              "label": "health & pharmacy > incontinence > incontinence pads"
            },
            {
              "name": "female incontinence",
              "label": "toiletries > period products > female incontinence"
            },
            {
              "name": "bladder weakness",
              "label": "toiletries > period products > bladder weakness"
            },
            {
              "name": "female incontinence",
              "label": "toiletries > incontinence > female incontinence"
            },
            {
              "name": "bladder weakness",
              "label": "toiletries > incontinence > bladder weakness"
            },
            {
              "name": "incontinence pads",
              "label": "toiletries > incontinence > incontinence pads"
            }
          ],
          [
            {
              "name": "female incontinence",
              "label": "health & pharmacy > mobility & daily living aids > incontinence > female incontinence"
            },
            {
              "name": "bladder weakness",
              "label": "health & pharmacy > mobility & daily living aids > incontinence > bladder weakness"
            },
            {
              "name": "incontinence pads",
              "label": "health & pharmacy > mobility & daily living aids > incontinence > incontinence pads"
            }
          ]
        ],
        "reviews": {
          "average": 3.68,
          "count": 37,
          "rounded": 3
        },
        "parent": {
          "product": "2677874",
          "partNumber": "10312611.P",
          "model": "10312611",
          "manufacturerModel": "2316854"
        },
        "images": {
          "thumbnail": "https://boots.scene7.com/is/image/Boots/10312611?wid=45&hei=60&op_sharpen=1"
        },
        "offers": [
          {
            "text": "Save 10 percent on selected Boots Brand with your Advantage Card"
          }
        ],
        "actions": {},
        "iconUri": "https://boots.scene7.com/is/image/Boots/10312611?op_sharpen=1",
        "title": "Boots Staydry Maxi Plus Pads",
        "referenceUri": "/boots-staydry-maxi-plus-pads-10312611",
        "canAddToBasket": "yes",
        "opticians": false,
        "inStock": true,
        "expressDelivery": false,
        "hasOtherPromotion": true,
        "channelPromotionalTextMap": {
          "-1": [
            "Save 10 percent on selected Boots Brand with your Advantage Card"
          ],
          "-6": [
            "Save 10 percent on selected Boots Brand with your Advantage Card"
          ]
        },
        "adCardPoints": 100
      },
      {
        "ppuQuantity": "12UNI",
        "pricing": {
          "perUnit": "£0.29 per 1UNI",
          "regular": {
            "value": 3.49,
            "currency": "GBP",
            "text": "£3.49"
          },
          "current": {
            "value": 3.49,
            "currency": "GBP",
            "text": "£3.49"
          }
        },
        "objectId": "2677877",
        "brand": "Staydry",
        "attributes": {
          "colour": "white",
          "product_type": [
            "pads",
            "bladder weakness"
          ],
          "StockOverrideMessage": "STOCK_COMING_SOON",
          "gender": [
            "womens",
            "unisex"
          ],
          "pack_size": "11–20",
          "hasPriceAdvantageDeal": false,
          "protection": "maxi",
          "key_features": [
            "without wings",
            "dermatologically tested"
          ],
          "ProductReviewFlag": "1"
        },
        "variants": {
          "colours": [],
          "hasColours": false,
          "hasSizes": false
        },
        "categories": [
          [
            {
              "name": "new in",
              "label": "new in"
            },
            {
              "name": "health & pharmacy",
              "label": "health & pharmacy"
            },
            {
              "name": "toiletries",
              "label": "toiletries"
            }
          ],
          [
            {
              "name": "new in toiletries",
              "label": "new in > new in toiletries"
            },
            {
              "name": "mobility & daily living aids",
              "label": "health & pharmacy > mobility & daily living aids"
            },
            {
              "name": "women's health",
              "label": "health & pharmacy > women's health"
            },
            {
              "name": "incontinence",
              "label": "health & pharmacy > incontinence"
            },
            {
              "name": "period products",
              "label": "toiletries > period products"
            },
            {
              "name": "incontinence",
              "label": "toiletries > incontinence"
            },
            {
              "name": "new in toiletries",
              "label": "toiletries > new in toiletries"
            }
          ],
          [
            {
              "name": "incontinence",
              "label": "health & pharmacy > mobility & daily living aids > incontinence"
            },
            {
              "name": "female incontinence",
              "label": "health & pharmacy > women's health > female incontinence"
            },
            {
              "name": "female incontinence",
              "label": "health & pharmacy > incontinence > female incontinence"
            },
            {
              "name": "bladder weakness",
              "label": "health & pharmacy > incontinence > bladder weakness"
            },
            {
              "name": "incontinence pads",
              "label": "health & pharmacy > incontinence > incontinence pads"
            },
            {
              "name": "female incontinence",
              "label": "toiletries > period products > female incontinence"
            },
            {
              "name": "bladder weakness",
              "label": "toiletries > period products > bladder weakness"
            },
            {
              "name": "female incontinence",
              "label": "toiletries > incontinence > female incontinence"
            },
            {
              "name": "bladder weakness",
              "label": "toiletries > incontinence > bladder weakness"
            },
            {
              "name": "incontinence pads",
              "label": "toiletries > incontinence > incontinence pads"
            }
          ],
          [
            {
              "name": "female incontinence",
              "label": "health & pharmacy > mobility & daily living aids > incontinence > female incontinence"
            },
            {
              "name": "bladder weakness",
              "label": "health & pharmacy > mobility & daily living aids > incontinence > bladder weakness"
            },
            {
              "name": "incontinence pads",
              "label": "health & pharmacy > mobility & daily living aids > incontinence > incontinence pads"
            }
          ]
        ],
        "reviews": {
          "average": 4.48,
          "count": 33,
          "rounded": 4
        },
        "parent": {
          "product": "2677876",
          "partNumber": "10312612.P",
          "model": "10312612",
          "manufacturerModel": "2316889"
        },
        "images": {
          "thumbnail": "https://boots.scene7.com/is/image/Boots/10312612?wid=45&hei=60&op_sharpen=1"
        },
        "offers": [
          {
            "text": "Save 10 percent on selected Boots Brand with your Advantage Card"
          }
        ],
        "actions": {},
        "iconUri": "https://boots.scene7.com/is/image/Boots/10312612?op_sharpen=1",
        "title": "Boots Staydry Maxi Night Pads",
        "referenceUri": "/boots-staydry-maxi-night-pads-10312612",
        "canAddToBasket": "yes",
        "opticians": false,
        "inStock": true,
        "expressDelivery": false,
        "hasOtherPromotion": true,
        "channelPromotionalTextMap": {
          "-1": [
            "Save 10 percent on selected Boots Brand with your Advantage Card"
          ],
          "-6": [
            "Save 10 percent on selected Boots Brand with your Advantage Card"
          ]
        },
        "adCardPoints": 100
      },
      {
        "ppuQuantity": null,
        "pricing": {
          "perUnit": "",
          "regular": {
            "value": 70,
            "currency": "GBP",
            "text": "£70.00"
          },
          "current": {
            "value": 29.32,
            "currency": "GBP",
            "text": "£29.32"
          },
          "saving": {
            "value": 40.68,
            "currency": "GBP",
            "text": "£40.68"
          }
        },
        "objectId": "2846253",
        "brand": "Soap & Glory",
        "attributes": {
          "product_type": [
            "body scrub",
            "gift set",
            "hand cream",
            "body lotion",
            "body butter",
            "cleanser",
            "body wash",
            "face mask"
          ],
          "StockOverrideMessage": "STOCK_COMING_SOON",
          "gender": "womens",
          "recipient": [
            "gifts for teens",
            "gifts for women"
          ],
          "hasPriceAdvantageDeal": false,
          "gift_type": [
            "teen gifts",
            "bath & body gifts",
            "star gifts"
          ],
          "ProductReviewFlag": "1"
        },
        "variants": {
          "colours": [],
          "hasColours": false,
          "hasSizes": false
        },
        "categories": [
          [
            {
              "name": "sale",
              "label": "sale"
            },
            {
              "name": "beauty & skincare",
              "label": "beauty & skincare"
            },
            {
              "name": "toiletries",
              "label": "toiletries"
            },
            {
              "name": "gift",
              "label": "gift"
            },
            {
              "name": "men's",
              "label": "men's"
            },
            {
              "name": "mother's day",
              "label": "mother's day"
            },
            {
              "name": "new in",
              "label": "new in"
            }
          ],
          [
            {
              "name": "skincare",
              "label": "beauty & skincare > skincare"
            },
            {
              "name": "skincare",
              "label": "toiletries > skincare"
            },
            {
              "name": "bathroom essentials",
              "label": "toiletries > bathroom essentials"
            },
            {
              "name": "men's toiletries",
              "label": "toiletries > men's toiletries"
            },
            {
              "name": "luxury bath & body",
              "label": "toiletries > luxury bath & body"
            },
            {
              "name": "gifts for her",
              "label": "gift > gifts for her"
            },
            {
              "name": "men's toiletries",
              "label": "men's > men's toiletries"
            },
            {
              "name": "new in toiletries",
              "label": "toiletries > new in toiletries"
            },
            {
              "name": "toiletries value packs & bundles",
              "label": "toiletries > toiletries value packs & bundles"
            },
            {
              "name": "all gifts",
              "label": "gift > all gifts"
            },
            {
              "name": "shop all",
              "label": "mother's day > shop all"
            },
            {
              "name": "men's skincare & body",
              "label": "men's > men's skincare & body"
            },
            {
              "name": "new in toiletries",
              "label": "new in > new in toiletries"
            },
            {
              "name": "new in luxury bath & body",
              "label": "new in > new in luxury bath & body"
            }
          ],
          [
            {
              "name": "facial skincare",
              "label": "beauty & skincare > skincare > facial skincare"
            },
            {
              "name": "facial skincare",
              "label": "toiletries > skincare > facial skincare"
            },
            {
              "name": "body skincare",
              "label": "beauty & skincare > skincare > body skincare"
            },
            {
              "name": "body skincare",
              "label": "toiletries > skincare > body skincare"
            },
            {
              "name": "men's skincare & body",
              "label": "beauty & skincare > skincare > men's skincare & body"
            },
            {
              "name": "bath sets",
              "label": "toiletries > bathroom essentials > bath sets"
            },
            {
              "name": "shower gel",
              "label": "toiletries > bathroom essentials > shower gel"
            },
            {
              "name": "face wash",
              "label": "toiletries > bathroom essentials > face wash"
            },
            {
              "name": "men's skincare & body",
              "label": "toiletries > men's toiletries > men's skincare & body"
            },
            {
              "name": "all luxury bath & body",
              "label": "toiletries > luxury bath & body > all luxury bath & body"
            },
            {
              "name": "new in luxury bath & body",
              "label": "toiletries > luxury bath & body > new in luxury bath & body"
            },
            {
              "name": "gifts",
              "label": "toiletries > luxury bath & body > gifts"
            },
            {
              "name": "men's skincare & body",
              "label": "toiletries > skincare > men's skincare & body"
            },
            {
              "name": "all luxury bath & body",
              "label": "gift > gifts for her > all luxury bath & body"
            },
            {
              "name": "men's skincare & body",
              "label": "men's > men's toiletries > men's skincare & body"
            }
          ],
          [
            {
              "name": "face cleanser",
              "label": "beauty & skincare > skincare > facial skincare > face cleanser"
            },
            {
              "name": "face cleanser",
              "label": "toiletries > skincare > facial skincare > face cleanser"
            },
            {
              "name": "body butter",
              "label": "beauty & skincare > skincare > body skincare > body butter"
            },
            {
              "name": "body lotion",
              "label": "beauty & skincare > skincare > body skincare > body lotion"
            },
            {
              "name": "body scrub & exfoliator",
              "label": "beauty & skincare > skincare > body skincare > body scrub & exfoliator"
            },
            {
              "name": "gift sets",
              "label": "beauty & skincare > skincare > body skincare > gift sets"
            },
            {
              "name": "hand cream & lotion",
              "label": "beauty & skincare > skincare > body skincare > hand cream & lotion"
            },
            {
              "name": "shop all body skincare",
              "label": "beauty & skincare > skincare > body skincare > shop all body skincare"
            },
            {
              "name": "body butter",
              "label": "toiletries > skincare > body skincare > body butter"
            },
            {
              "name": "body lotion",
              "label": "toiletries > skincare > body skincare > body lotion"
            },
            {
              "name": "body scrub & exfoliator",
              "label": "toiletries > skincare > body skincare > body scrub & exfoliator"
            },
            {
              "name": "gift sets",
              "label": "toiletries > skincare > body skincare > gift sets"
            },
            {
              "name": "hand cream & lotion",
              "label": "toiletries > skincare > body skincare > hand cream & lotion"
            },
            {
              "name": "shop all body skincare",
              "label": "toiletries > skincare > body skincare > shop all body skincare"
            }
          ]
        ],
        "reviews": {
          "average": 4.88,
          "count": 326,
          "rounded": 4
        },
        "parent": {
          "product": "2846252",
          "partNumber": "10329671.P",
          "model": "10329671",
          "manufacturerModel": "5700701"
        },
        "images": {
          "thumbnail": "https://boots.scene7.com/is/image/Boots/10329671?wid=45&hei=60&op_sharpen=1"
        },
        "offers": [
          {
            "text": "Use code SALE10 to save an extra 10 percent on selected Sale - online only"
          },
          {
            "text": "Sale - Save up to 70 percent"
          }
        ],
        "actions": {},
        "iconUri": "https://boots.scene7.com/is/image/Boots/10329671?op_sharpen=1",
        "title": "Soap & Glory Pop Spa Classics™ 12 Piece Gift Set",
        "referenceUri": "/soap-glory-pop-spa-classics-10329671",
        "canAddToBasket": "yes",
        "opticians": false,
        "inStock": true,
        "expressDelivery": false,
        "hasOtherPromotion": true,
        "channelPromotionalTextMap": {
          "-1": [
            "Use code SALE10 to save an extra 10 percent on selected Sale - online only",
            "Sale - Save up to 70 percent"
          ],
          "-6": [
            "Use code SALE10 to save an extra 10 percent on selected Sale - online only",
            "Sale - Save up to 70 percent"
          ]
        },
        "adCardPoints": 87
      },
      {
        "ppuQuantity": "30UNI",
        "pricing": {
          "perUnit": "£0.05 per 1UNI",
          "regular": {
            "value": 1.55,
            "currency": "GBP",
            "text": "£1.55"
          },
          "current": {
            "value": 1.55,
            "currency": "GBP",
            "text": "£1.55"
          }
        },
        "objectId": "2812697",
        "brand": "Bodyform",
        "attributes": {
          "product_type": "panty liners",
          "StockOverrideMessage": "STOCK_COMING_SOON",
          "gender": "womens",
          "hasPriceAdvantageDeal": false,
          "protection": "normal",
          "skin_type": "all skin types",
          "free_from": "fragrance-free",
          "key_features": "ultra soft",
          "ProductReviewFlag": "1"
        },
        "variants": {
          "colours": [],
          "hasColours": false,
          "hasSizes": false
        },
        "categories": [
          [
            {
              "name": "new in",
              "label": "new in"
            },
            {
              "name": "toiletries",
              "label": "toiletries"
            }
          ],
          [
            {
              "name": "new in toiletries",
              "label": "new in > new in toiletries"
            },
            {
              "name": "period products",
              "label": "toiletries > period products"
            },
            {
              "name": "new in toiletries",
              "label": "toiletries > new in toiletries"
            }
          ],
          [
            {
              "name": "panty liners",
              "label": "toiletries > period products > panty liners"
            }
          ]
        ],
        "reviews": {
          "average": 4.67,
          "count": 15,
          "rounded": 4
        },
        "parent": {
          "product": "2812696",
          "partNumber": "10326279.P",
          "model": "10326279",
          "manufacturerModel": "5436044"
        },
        "images": {
          "thumbnail": "https://boots.scene7.com/is/image/Boots/10326279?wid=45&hei=60&op_sharpen=1"
        },
        "offers": [
          {
            "text": "2 for £2 on selected Bodyform"
          }
        ],
        "actions": {},
        "iconUri": "https://boots.scene7.com/is/image/Boots/10326279?op_sharpen=1",
        "title": "Bodyform Dailies So Slim Panty Liners 30 pack",
        "referenceUri": "/bodyform-dailies-so-slim-panty-liners-30-pack-10326279",
        "canAddToBasket": "yes",
        "opticians": false,
        "inStock": true,
        "expressDelivery": false,
        "hasOtherPromotion": true,
        "channelPromotionalTextMap": {
          "-1": [
            "2 for £2 on selected Bodyform"
          ],
          "-6": [
            "2 for £2 on selected Bodyform"
          ]
        },
        "adCardPoints": 3
      },
      {
        "ppuQuantity": "250ML",
        "pricing": {
          "perUnit": "£1.00 per 100ML",
          "regular": {
            "value": 3,
            "currency": "GBP",
            "text": "£3.00"
          },
          "current": {
            "value": 2.5,
            "currency": "GBP",
            "text": "£2.50"
          },
          "saving": {
            "value": 0.5,
            "currency": "GBP",
            "text": "£0.50"
          }
        },
        "objectId": "2663615",
        "brand": "Sure",
        "attributes": {
          "product_type": [
            "anti-perspirant",
            "deodorant"
          ],
          "size": "201-499",
          "gender": "womens",
          "StockOverrideMessage": "STOCK_COMING_SOON",
          "format": [
            "spray",
            "aerosol"
          ],
          "hasPriceAdvantageDeal": false,
          "skin_type": "all skin types",
          "body_area": "body",
          "key_features": "once-a-day",
          "ProductReviewFlag": "1"
        },
        "variants": {
          "colours": [],
          "hasColours": false,
          "hasSizes": false
        },
        "categories": [
          [
            {
              "name": "new in",
              "label": "new in"
            },
            {
              "name": "sun & holiday",
              "label": "sun & holiday"
            },
            {
              "name": "toiletries",
              "label": "toiletries"
            },
            {
              "name": "love island",
              "label": "love island"
            }
          ],
          [
            {
              "name": "new in toiletries",
              "label": "new in > new in toiletries"
            },
            {
              "name": "love island",
              "label": "sun & holiday > love island"
            },
            {
              "name": "deodorants & antiperspirants",
              "label": "toiletries > deodorants & antiperspirants"
            },
            {
              "name": "new in toiletries",
              "label": "toiletries > new in toiletries"
            },
            {
              "name": "shop the love island villa",
              "label": "love island > shop the love island villa"
            }
          ],
          [
            {
              "name": "shop the love island villa",
              "label": "sun & holiday > love island > shop the love island villa"
            }
          ]
        ],
        "reviews": {
          "average": 4.75,
          "count": 65,
          "rounded": 4
        },
        "parent": {
          "product": "2663614",
          "partNumber": "10311294.P",
          "model": "10311294",
          "manufacturerModel": "2222264"
        },
        "images": {
          "thumbnail": "https://boots.scene7.com/is/image/Boots/10311294?wid=45&hei=60&op_sharpen=1"
        },
        "offers": [
          {
            "text": "Only £2.50 on selected Sure"
          }
        ],
        "actions": {},
        "iconUri": "https://boots.scene7.com/is/image/Boots/10311294?op_sharpen=1",
        "title": "Sure Women Inv Pure Antiperspirant Deodorant Nonstop 250ml",
        "referenceUri": "/sure-invisible-pure-nonstop-protection-anti-perspirant-deodorant-aerosol-250-ml-10311294",
        "canAddToBasket": "yes",
        "opticians": false,
        "inStock": true,
        "expressDelivery": false,
        "hasOtherPromotion": true,
        "channelPromotionalTextMap": {
          "-1": [
            "Only £2.50 on selected Sure"
          ],
          "-6": [
            "Only £2.50 on selected Sure"
          ]
        },
        "adCardPoints": 6
      },
      {
        "ppuQuantity": "12UNI",
        "pricing": {
          "perUnit": "£0.13 per 1UNI",
          "regular": {
            "value": 1.55,
            "currency": "GBP",
            "text": "£1.55"
          },
          "current": {
            "value": 1.55,
            "currency": "GBP",
            "text": "£1.55"
          }
        },
        "objectId": "2812683",
        "brand": "Bodyform",
        "attributes": {
          "product_type": "sanitary towels",
          "StockOverrideMessage": "STOCK_COMING_SOON",
          "gender": "womens",
          "hasPriceAdvantageDeal": false,
          "protection": "normal",
          "skin_type": "all skin types",
          "free_from": "fragrance-free",
          "key_features": "with wings",
          "ProductReviewFlag": "1"
        },
        "variants": {
          "colours": [],
          "hasColours": false,
          "hasSizes": false
        },
        "categories": [
          [
            {
              "name": "new in",
              "label": "new in"
            },
            {
              "name": "toiletries",
              "label": "toiletries"
            }
          ],
          [
            {
              "name": "new in toiletries",
              "label": "new in > new in toiletries"
            },
            {
              "name": "period products",
              "label": "toiletries > period products"
            },
            {
              "name": "new in toiletries",
              "label": "toiletries > new in toiletries"
            }
          ],
          [
            {
              "name": "panty liners",
              "label": "toiletries > period products > panty liners"
            },
            {
              "name": "sanitary pads",
              "label": "toiletries > period products > sanitary pads"
            }
          ]
        ],
        "reviews": {
          "average": 3,
          "count": 4,
          "rounded": 3
        },
        "parent": {
          "product": "2812682",
          "partNumber": "10326272.P",
          "model": "10326272",
          "manufacturerModel": "5435951"
        },
        "images": {
          "thumbnail": "https://boots.scene7.com/is/image/Boots/10326272?wid=45&hei=60&op_sharpen=1"
        },
        "offers": [
          {
            "text": "2 for £2 on selected Bodyform"
          }
        ],
        "actions": {},
        "iconUri": "https://boots.scene7.com/is/image/Boots/10326272?op_sharpen=1",
        "title": "Bodyform Cour-V Ultra Normal Sanitary Towels Wings 12 pack",
        "referenceUri": "/bodyform-cour-v-ultra-normal-sanitary-towels-wings-12-pack-10326272",
        "canAddToBasket": "yes",
        "opticians": false,
        "inStock": true,
        "expressDelivery": false,
        "hasOtherPromotion": true,
        "channelPromotionalTextMap": {
          "-1": [
            "2 for £2 on selected Bodyform"
          ],
          "-6": [
            "2 for £2 on selected Bodyform"
          ]
        },
        "adCardPoints": 3
      },
      {
        "ppuQuantity": "20UNI",
        "pricing": {
          "perUnit": "£0.20 per 1UNI",
          "regular": {
            "value": 3.99,
            "currency": "GBP",
            "text": "£3.99"
          },
          "current": {
            "value": 3.99,
            "currency": "GBP",
            "text": "£3.99"
          }
        },
        "objectId": "2677873",
        "brand": "Staydry",
        "attributes": {
          "colour": "white",
          "product_type": [
            "pads",
            "bladder weakness"
          ],
          "StockOverrideMessage": "STOCK_COMING_SOON",
          "gender": [
            "womens",
            "unisex"
          ],
          "pack_size": "21–30",
          "hasPriceAdvantageDeal": false,
          "key_features": [
            "without wings",
            "dermatologically tested",
            "multipack"
          ],
          "ProductReviewFlag": "1"
        },
        "variants": {
          "colours": [],
          "hasColours": false,
          "hasSizes": false
        },
        "categories": [
          [
            {
              "name": "new in",
              "label": "new in"
            },
            {
              "name": "health & pharmacy",
              "label": "health & pharmacy"
            },
            {
              "name": "toiletries",
              "label": "toiletries"
            }
          ],
          [
            {
              "name": "new in toiletries",
              "label": "new in > new in toiletries"
            },
            {
              "name": "mobility & daily living aids",
              "label": "health & pharmacy > mobility & daily living aids"
            },
            {
              "name": "women's health",
              "label": "health & pharmacy > women's health"
            },
            {
              "name": "incontinence",
              "label": "health & pharmacy > incontinence"
            },
            {
              "name": "period products",
              "label": "toiletries > period products"
            },
            {
              "name": "incontinence",
              "label": "toiletries > incontinence"
            },
            {
              "name": "new in toiletries",
              "label": "toiletries > new in toiletries"
            }
          ],
          [
            {
              "name": "incontinence",
              "label": "health & pharmacy > mobility & daily living aids > incontinence"
            },
            {
              "name": "female incontinence",
              "label": "health & pharmacy > women's health > female incontinence"
            },
            {
              "name": "female incontinence",
              "label": "health & pharmacy > incontinence > female incontinence"
            },
            {
              "name": "bladder weakness",
              "label": "health & pharmacy > incontinence > bladder weakness"
            },
            {
              "name": "incontinence pads",
              "label": "health & pharmacy > incontinence > incontinence pads"
            },
            {
              "name": "female incontinence",
              "label": "toiletries > period products > female incontinence"
            },
            {
              "name": "bladder weakness",
              "label": "toiletries > period products > bladder weakness"
            },
            {
              "name": "female incontinence",
              "label": "toiletries > incontinence > female incontinence"
            },
            {
              "name": "bladder weakness",
              "label": "toiletries > incontinence > bladder weakness"
            },
            {
              "name": "incontinence pads",
              "label": "toiletries > incontinence > incontinence pads"
            }
          ],
          [
            {
              "name": "female incontinence",
              "label": "health & pharmacy > mobility & daily living aids > incontinence > female incontinence"
            },
            {
              "name": "bladder weakness",
              "label": "health & pharmacy > mobility & daily living aids > incontinence > bladder weakness"
            },
            {
              "name": "incontinence pads",
              "label": "health & pharmacy > mobility & daily living aids > incontinence > incontinence pads"
            }
          ]
        ],
        "reviews": {
          "average": 4.59,
          "count": 34,
          "rounded": 4
        },
        "parent": {
          "product": "2677872",
          "partNumber": "10312610.P",
          "model": "10312610",
          "manufacturerModel": "2316811"
        },
        "images": {
          "thumbnail": "https://boots.scene7.com/is/image/Boots/10312610?wid=45&hei=60&op_sharpen=1"
        },
        "offers": [
          {
            "text": "Save 10 percent on selected Boots Brand with your Advantage Card"
          }
        ],
        "actions": {},
        "iconUri": "https://boots.scene7.com/is/image/Boots/10312610?op_sharpen=1",
        "title": "Boots Staydry Extra Plus Pads Duo Pack",
        "referenceUri": "/boots-staydry-extra-plus-pads-duo-pack-10312610",
        "canAddToBasket": "yes",
        "opticians": false,
        "inStock": true,
        "expressDelivery": false,
        "hasOtherPromotion": true,
        "channelPromotionalTextMap": {
          "-1": [
            "Save 10 percent on selected Boots Brand with your Advantage Card"
          ],
          "-6": [
            "Save 10 percent on selected Boots Brand with your Advantage Card"
          ]
        },
        "adCardPoints": 100
      },
      {
        "ppuQuantity": "26UNI",
        "pricing": {
          "perUnit": "£0.06 per 1UNI",
          "regular": {
            "value": 1.55,
            "currency": "GBP",
            "text": "£1.55"
          },
          "current": {
            "value": 1.55,
            "currency": "GBP",
            "text": "£1.55"
          }
        },
        "objectId": "2812699",
        "brand": "Bodyform",
        "attributes": {
          "product_type": "panty liners",
          "StockOverrideMessage": "STOCK_COMING_SOON",
          "gender": "womens",
          "hasPriceAdvantageDeal": false,
          "protection": "normal",
          "skin_type": "all skin types",
          "free_from": "fragrance-free",
          "key_features": "ultra soft",
          "ProductReviewFlag": "1"
        },
        "variants": {
          "colours": [],
          "hasColours": false,
          "hasSizes": false
        },
        "categories": [
          [
            {
              "name": "new in",
              "label": "new in"
            },
            {
              "name": "toiletries",
              "label": "toiletries"
            }
          ],
          [
            {
              "name": "new in toiletries",
              "label": "new in > new in toiletries"
            },
            {
              "name": "period products",
              "label": "toiletries > period products"
            },
            {
              "name": "new in toiletries",
              "label": "toiletries > new in toiletries"
            }
          ],
          [
            {
              "name": "panty liners",
              "label": "toiletries > period products > panty liners"
            }
          ]
        ],
        "reviews": {
          "average": 4.93,
          "count": 137,
          "rounded": 4
        },
        "parent": {
          "product": "2812698",
          "partNumber": "10326280.P",
          "model": "10326280",
          "manufacturerModel": "5436052"
        },
        "images": {
          "thumbnail": "https://boots.scene7.com/is/image/Boots/10326280?wid=45&hei=60&op_sharpen=1"
        },
        "offers": [
          {
            "text": "2 for £2 on selected Bodyform"
          }
        ],
        "actions": {},
        "iconUri": "https://boots.scene7.com/is/image/Boots/10326280?op_sharpen=1",
        "title": "Bodyform Dailies String Panty Liners 26 pack",
        "referenceUri": "/bodyform-dailies-string-panty-liners-26-pack-10326280",
        "canAddToBasket": "yes",
        "opticians": false,
        "inStock": true,
        "expressDelivery": false,
        "hasOtherPromotion": true,
        "channelPromotionalTextMap": {
          "-1": [
            "2 for £2 on selected Bodyform"
          ],
          "-6": [
            "2 for £2 on selected Bodyform"
          ]
        },
        "adCardPoints": 3
      },
      {
        "ppuQuantity": "16UNI",
        "pricing": {
          "perUnit": "£0.21 per 1UNI",
          "regular": {
            "value": 3.4,
            "currency": "GBP",
            "text": "£3.40"
          },
          "current": {
            "value": 3.4,
            "currency": "GBP",
            "text": "£3.40"
          }
        },
        "objectId": "2723603",
        "brand": "Always",
        "attributes": {
          "hasPriceAdvantageDeal": false,
          "product_type": "sanitary towels",
          "StockOverrideMessage": "STOCK_COMING_SOON",
          "key_features": "with wings",
          "ProductReviewFlag": "1"
        },
        "variants": {
          "colours": [],
          "hasColours": false,
          "hasSizes": false
        },
        "categories": [
          [
            {
              "name": "new in",
              "label": "new in"
            },
            {
              "name": "toiletries",
              "label": "toiletries"
            }
          ],
          [
            {
              "name": "new in toiletries",
              "label": "new in > new in toiletries"
            },
            {
              "name": "period products",
              "label": "toiletries > period products"
            },
            {
              "name": "new in toiletries",
              "label": "toiletries > new in toiletries"
            }
          ],
          [
            {
              "name": "sanitary pads",
              "label": "toiletries > period products > sanitary pads"
            },
            {
              "name": "tampons",
              "label": "toiletries > period products > tampons"
            }
          ]
        ],
        "reviews": {
          "average": 4.8,
          "count": 911,
          "rounded": 4
        },
        "parent": {
          "product": "2723602",
          "partNumber": "10317690.P",
          "model": "10317690",
          "manufacturerModel": "4176790"
        },
        "images": {
          "thumbnail": "https://boots.scene7.com/is/image/Boots/10317690?wid=45&hei=60&op_sharpen=1"
        },
        "offers": [
          {
            "text": "2 for £6 on selected Always and Tampax"
          }
        ],
        "actions": {},
        "iconUri": "https://boots.scene7.com/is/image/Boots/10317690?op_sharpen=1",
        "title": "Always Ultra Sanitary Towels Secure Night (Size 4) Wings x16 Pads",
        "referenceUri": "/always-ultra-sanitary-towels-secure-night-%28size-4%29-wings-x16-pads-10317690",
        "canAddToBasket": "yes",
        "opticians": false,
        "inStock": true,
        "expressDelivery": false,
        "hasOtherPromotion": true,
        "channelPromotionalTextMap": {
          "-1": [
            "2 for £6 on selected Always and Tampax"
          ],
          "-6": [
            "2 for £6 on selected Always and Tampax"
          ]
        },
        "adCardPoints": 9
      },
      {
        "ppuQuantity": "48UNI",
        "pricing": {
          "perUnit": "£0.07 per 1UNI",
          "regular": {
            "value": 3.4,
            "currency": "GBP",
            "text": "£3.40"
          },
          "current": {
            "value": 3.4,
            "currency": "GBP",
            "text": "£3.40"
          }
        },
        "objectId": "2723591",
        "brand": "Always",
        "attributes": {
          "hasPriceAdvantageDeal": false,
          "product_type": "liners",
          "StockOverrideMessage": "STOCK_COMING_SOON",
          "key_features": [
            "without wings",
            "scented"
          ],
          "ProductReviewFlag": "1"
        },
        "variants": {
          "colours": [],
          "hasColours": false,
          "hasSizes": false
        },
        "categories": [
          [
            {
              "name": "new in",
              "label": "new in"
            },
            {
              "name": "toiletries",
              "label": "toiletries"
            }
          ],
          [
            {
              "name": "new in toiletries",
              "label": "new in > new in toiletries"
            },
            {
              "name": "period products",
              "label": "toiletries > period products"
            },
            {
              "name": "new in toiletries",
              "label": "toiletries > new in toiletries"
            }
          ],
          [
            {
              "name": "panty liners",
              "label": "toiletries > period products > panty liners"
            },
            {
              "name": "sanitary pads",
              "label": "toiletries > period products > sanitary pads"
            }
          ]
        ],
        "reviews": {
          "average": 4.69,
          "count": 1994,
          "rounded": 4
        },
        "parent": {
          "product": "2723590",
          "partNumber": "10317684.P",
          "model": "10317684",
          "manufacturerModel": "4176723"
        },
        "images": {
          "thumbnail": "https://boots.scene7.com/is/image/Boots/10317684?wid=45&hei=60&op_sharpen=1"
        },
        "offers": [
          {
            "text": "2 for £6 on selected Always and Tampax"
          }
        ],
        "actions": {},
        "iconUri": "https://boots.scene7.com/is/image/Boots/10317684?op_sharpen=1",
        "title": "Always Dailies Long Plus Extra Protect Panty Liners x48",
        "referenceUri": "/always-dailies-long-plus-extra-protect-panty-liners-x48-10317684",
        "canAddToBasket": "yes",
        "opticians": false,
        "inStock": true,
        "expressDelivery": false,
        "hasOtherPromotion": true,
        "channelPromotionalTextMap": {
          "-1": [
            "2 for £6 on selected Always and Tampax"
          ],
          "-6": [
            "2 for £6 on selected Always and Tampax"
          ]
        },
        "adCardPoints": 9
      },
      {
        "ppuQuantity": "250ML",
        "pricing": {
          "perUnit": "£1.00 per 100ML",
          "regular": {
            "value": 3,
            "currency": "GBP",
            "text": "£3.00"
          },
          "current": {
            "value": 2.5,
            "currency": "GBP",
            "text": "£2.50"
          },
          "saving": {
            "value": 0.5,
            "currency": "GBP",
            "text": "£0.50"
          }
        },
        "objectId": "2664611",
        "brand": "Sure",
        "attributes": {
          "product_type": [
            "anti-perspirant",
            "deodorant"
          ],
          "gender": "mens",
          "size": "201-499",
          "StockOverrideMessage": "STOCK_COMING_SOON",
          "format": [
            "aerosol",
            "spray"
          ],
          "hasPriceAdvantageDeal": false,
          "skin_type": "all skin types",
          "body_area": "body",
          "key_features": "once-a-day",
          "ProductReviewFlag": "1"
        },
        "variants": {
          "colours": [],
          "hasColours": false,
          "hasSizes": false
        },
        "categories": [
          [
            {
              "name": "new in",
              "label": "new in"
            },
            {
              "name": "toiletries",
              "label": "toiletries"
            },
            {
              "name": "sun & holiday",
              "label": "sun & holiday"
            },
            {
              "name": "men's",
              "label": "men's"
            },
            {
              "name": "love island",
              "label": "love island"
            }
          ],
          [
            {
              "name": "new in toiletries",
              "label": "new in > new in toiletries"
            },
            {
              "name": "men's toiletries",
              "label": "toiletries > men's toiletries"
            },
            {
              "name": "love island",
              "label": "sun & holiday > love island"
            },
            {
              "name": "men's toiletries",
              "label": "men's > men's toiletries"
            },
            {
              "name": "deodorants & antiperspirants",
              "label": "toiletries > deodorants & antiperspirants"
            },
            {
              "name": "new in toiletries",
              "label": "toiletries > new in toiletries"
            },
            {
              "name": "new in men's",
              "label": "men's > new in men's"
            },
            {
              "name": "shop the love island villa",
              "label": "love island > shop the love island villa"
            }
          ],
          [
            {
              "name": "deodorants & antiperspirants",
              "label": "toiletries > men's toiletries > deodorants & antiperspirants"
            },
            {
              "name": "shop the love island villa",
              "label": "sun & holiday > love island > shop the love island villa"
            },
            {
              "name": "deodorants & antiperspirants",
              "label": "men's > men's toiletries > deodorants & antiperspirants"
            }
          ]
        ],
        "reviews": {
          "average": 4.62,
          "count": 60,
          "rounded": 4
        },
        "parent": {
          "product": "2664610",
          "partNumber": "10311357.P",
          "model": "10311357",
          "manufacturerModel": "2232170"
        },
        "images": {
          "thumbnail": "https://boots.scene7.com/is/image/Boots/10311357?wid=45&hei=60&op_sharpen=1"
        },
        "offers": [
          {
            "text": "Only £2.50 on selected Sure"
          }
        ],
        "actions": {},
        "iconUri": "https://boots.scene7.com/is/image/Boots/10311357?op_sharpen=1",
        "title": "Sure Men Active Dry Antiperspirant Deodorant Nonstop 250ml",
        "referenceUri": "/sure-men-active-dry-nonstop-protection-anti-perspirant-deodorant-aerosol-250-ml-10311357",
        "canAddToBasket": "yes",
        "opticians": false,
        "inStock": true,
        "expressDelivery": false,
        "hasOtherPromotion": true,
        "channelPromotionalTextMap": {
          "-1": [
            "Only £2.50 on selected Sure"
          ],
          "-6": [
            "Only £2.50 on selected Sure"
          ]
        },
        "adCardPoints": 6
      },
      {
        "ppuQuantity": "68UNI",
        "pricing": {
          "perUnit": "£0.05 per 1UNI",
          "regular": {
            "value": 3.4,
            "currency": "GBP",
            "text": "£3.40"
          },
          "current": {
            "value": 3.4,
            "currency": "GBP",
            "text": "£3.40"
          }
        },
        "objectId": "2723595",
        "brand": "Always",
        "attributes": {
          "hasPriceAdvantageDeal": false,
          "product_type": "liners",
          "StockOverrideMessage": "STOCK_COMING_SOON",
          "key_features": [
            "without wings",
            "scented"
          ],
          "ProductReviewFlag": "1"
        },
        "variants": {
          "colours": [],
          "hasColours": false,
          "hasSizes": false
        },
        "categories": [
          [
            {
              "name": "new in",
              "label": "new in"
            },
            {
              "name": "toiletries",
              "label": "toiletries"
            },
            {
              "name": "sun & holiday",
              "label": "sun & holiday"
            },
            {
              "name": "love island",
              "label": "love island"
            }
          ],
          [
            {
              "name": "new in toiletries",
              "label": "new in > new in toiletries"
            },
            {
              "name": "period products",
              "label": "toiletries > period products"
            },
            {
              "name": "love island",
              "label": "sun & holiday > love island"
            },
            {
              "name": "new in toiletries",
              "label": "toiletries > new in toiletries"
            },
            {
              "name": "shop the love island villa",
              "label": "love island > shop the love island villa"
            }
          ],
          [
            {
              "name": "panty liners",
              "label": "toiletries > period products > panty liners"
            },
            {
              "name": "sanitary pads",
              "label": "toiletries > period products > sanitary pads"
            },
            {
              "name": "shop the love island villa",
              "label": "sun & holiday > love island > shop the love island villa"
            }
          ]
        ],
        "reviews": {
          "average": 4.77,
          "count": 1357,
          "rounded": 4
        },
        "parent": {
          "product": "2723594",
          "partNumber": "10317686.P",
          "model": "10317686",
          "manufacturerModel": "4176758"
        },
        "images": {
          "thumbnail": "https://boots.scene7.com/is/image/Boots/10317686?wid=45&hei=60&op_sharpen=1"
        },
        "offers": [
          {
            "text": "2 for £6 on selected Always and Tampax"
          }
        ],
        "actions": {},
        "iconUri": "https://boots.scene7.com/is/image/Boots/10317686?op_sharpen=1",
        "title": "Always Dailies Normal Fresh & Protect Panty Liners x68",
        "referenceUri": "/always-dailies-normal-fresh-protect-panty-liners-x68-10317686",
        "canAddToBasket": "yes",
        "opticians": false,
        "inStock": true,
        "expressDelivery": false,
        "hasOtherPromotion": true,
        "channelPromotionalTextMap": {
          "-1": [
            "2 for £6 on selected Always and Tampax"
          ],
          "-6": [
            "2 for £6 on selected Always and Tampax"
          ]
        },
        "adCardPoints": 9
      },
      {
        "ppuQuantity": "250ML",
        "pricing": {
          "perUnit": "£1.00 per 100ML",
          "regular": {
            "value": 3,
            "currency": "GBP",
            "text": "£3.00"
          },
          "current": {
            "value": 2.5,
            "currency": "GBP",
            "text": "£2.50"
          },
          "saving": {
            "value": 0.5,
            "currency": "GBP",
            "text": "£0.50"
          }
        },
        "objectId": "2664613",
        "brand": "Sure",
        "attributes": {
          "product_type": [
            "anti-perspirant",
            "deodorant"
          ],
          "gender": "mens",
          "size": "201-499",
          "StockOverrideMessage": "STOCK_COMING_SOON",
          "format": [
            "aerosol",
            "spray"
          ],
          "hasPriceAdvantageDeal": false,
          "skin_type": "all skin types",
          "body_area": "body",
          "key_features": "once-a-day",
          "ProductReviewFlag": "1"
        },
        "variants": {
          "colours": [],
          "hasColours": false,
          "hasSizes": false
        },
        "categories": [
          [
            {
              "name": "new in",
              "label": "new in"
            },
            {
              "name": "toiletries",
              "label": "toiletries"
            },
            {
              "name": "men's",
              "label": "men's"
            }
          ],
          [
            {
              "name": "new in toiletries",
              "label": "new in > new in toiletries"
            },
            {
              "name": "men's toiletries",
              "label": "toiletries > men's toiletries"
            },
            {
              "name": "men's toiletries",
              "label": "men's > men's toiletries"
            },
            {
              "name": "deodorants & antiperspirants",
              "label": "toiletries > deodorants & antiperspirants"
            },
            {
              "name": "new in toiletries",
              "label": "toiletries > new in toiletries"
            },
            {
              "name": "new in men's",
              "label": "men's > new in men's"
            }
          ],
          [
            {
              "name": "deodorants & antiperspirants",
              "label": "toiletries > men's toiletries > deodorants & antiperspirants"
            },
            {
              "name": "deodorants & antiperspirants",
              "label": "men's > men's toiletries > deodorants & antiperspirants"
            }
          ]
        ],
        "reviews": {
          "average": 4.71,
          "count": 63,
          "rounded": 4
        },
        "parent": {
          "product": "2664612",
          "partNumber": "10311358.P",
          "model": "10311358",
          "manufacturerModel": "2232189"
        },
        "images": {
          "thumbnail": "https://boots.scene7.com/is/image/Boots/10311358?wid=45&hei=60&op_sharpen=1"
        },
        "offers": [
          {
            "text": "Only £2.50 on selected Sure"
          }
        ],
        "actions": {},
        "iconUri": "https://boots.scene7.com/is/image/Boots/10311358?op_sharpen=1",
        "title": "Sure Men Sport Cool Antiperspirant Deodorant Nonstop 250ml",
        "referenceUri": "/sure-men-sport-cool-nonstop-protection-anti-perspirant-deodorant-aerosol-250-ml-10311358",
        "canAddToBasket": "yes",
        "opticians": false,
        "inStock": true,
        "expressDelivery": false,
        "hasOtherPromotion": true,
        "channelPromotionalTextMap": {
          "-1": [
            "Only £2.50 on selected Sure"
          ],
          "-6": [
            "Only £2.50 on selected Sure"
          ]
        },
        "adCardPoints": 6
      },
      {
        "ppuQuantity": null,
        "pricing": {
          "perUnit": "Save £3.00",
          "regular": {
            "value": 6,
            "currency": "GBP",
            "text": "£6.00"
          },
          "current": {
            "value": 6,
            "currency": "GBP",
            "text": "£6.00"
          }
        },
        "objectId": "2714151",
        "brand": "Sanex",
        "attributes": {
          "product_type": "shower gel",
          "gender": "unisex",
          "StockOverrideMessage": "STOCK_COMING_SOON",
          "size": "201-499",
          "format": "gel",
          "hasPriceAdvantageDeal": false,
          "ingredients": "vitamin e",
          "body_area": "body",
          "key_features": "hypoallergenic",
          "free_from": "sulphate-free",
          "ProductReviewFlag": "1"
        },
        "variants": {
          "colours": [],
          "hasColours": false,
          "hasSizes": false
        },
        "categories": [
          [
            {
              "name": "vegan",
              "label": "vegan"
            },
            {
              "name": "toiletries",
              "label": "toiletries"
            },
            {
              "name": "wellness",
              "label": "wellness"
            },
            {
              "name": "new in",
              "label": "new in"
            }
          ],
          [
            {
              "name": "bathroom essentials",
              "label": "toiletries > bathroom essentials"
            },
            {
              "name": "new in toiletries",
              "label": "toiletries > new in toiletries"
            },
            {
              "name": "toiletries value packs & bundles",
              "label": "toiletries > toiletries value packs & bundles"
            },
            {
              "name": "vegan",
              "label": "wellness > vegan"
            },
            {
              "name": "new in toiletries",
              "label": "new in > new in toiletries"
            }
          ]
        ],
        "reviews": {
          "average": 4.65,
          "count": 330,
          "rounded": 4
        },
        "parent": {
          "product": "2714151",
          "partNumber": null,
          "model": "10316896",
          "manufacturerModel": null
        },
        "images": {
          "thumbnail": "https://boots.scene7.com/is/image/Boots/10316896?wid=45&hei=60&op_sharpen=1"
        },
        "offers": [],
        "actions": {},
        "iconUri": "https://boots.scene7.com/is/image/Boots/10316896?op_sharpen=1",
        "title": "Sanex Zero % Sensitive Skin Shower Gel Bundle",
        "referenceUri": "/sanex-zero-pc-sensitive-skin-shower-gel-bundle-10316896",
        "canAddToBasket": "yes",
        "opticians": false,
        "inStock": true,
        "expressDelivery": false,
        "hasOtherPromotion": false,
        "channelPromotionalTextMap": {
          "-1": [],
          "-6": []
        },
        "adCardPoints": 18
      },
      {
        "ppuQuantity": "8UNI",
        "pricing": {
          "perUnit": "£0.19 per 1UNI",
          "regular": {
            "value": 1.55,
            "currency": "GBP",
            "text": "£1.55"
          },
          "current": {
            "value": 1.55,
            "currency": "GBP",
            "text": "£1.55"
          }
        },
        "objectId": "2812687",
        "brand": "Bodyform",
        "attributes": {
          "product_type": "sanitary towels",
          "StockOverrideMessage": "STOCK_COMING_SOON",
          "gender": "womens",
          "hasPriceAdvantageDeal": false,
          "protection": "super",
          "skin_type": "all skin types",
          "free_from": "fragrance-free",
          "key_features": "night",
          "ProductReviewFlag": "1"
        },
        "variants": {
          "colours": [],
          "hasColours": false,
          "hasSizes": false
        },
        "categories": [
          [
            {
              "name": "new in",
              "label": "new in"
            },
            {
              "name": "toiletries",
              "label": "toiletries"
            }
          ],
          [
            {
              "name": "new in toiletries",
              "label": "new in > new in toiletries"
            },
            {
              "name": "period products",
              "label": "toiletries > period products"
            },
            {
              "name": "new in toiletries",
              "label": "toiletries > new in toiletries"
            }
          ],
          [
            {
              "name": "panty liners",
              "label": "toiletries > period products > panty liners"
            },
            {
              "name": "sanitary pads",
              "label": "toiletries > period products > sanitary pads"
            }
          ]
        ],
        "reviews": {
          "average": 5,
          "count": 1,
          "rounded": 5
        },
        "parent": {
          "product": "2812686",
          "partNumber": "10326274.P",
          "model": "10326274",
          "manufacturerModel": "5435986"
        },
        "images": {
          "thumbnail": "https://boots.scene7.com/is/image/Boots/10326274?wid=45&hei=60&op_sharpen=1"
        },
        "offers": [
          {
            "text": "2 for £2 on selected Bodyform"
          }
        ],
        "actions": {},
        "iconUri": "https://boots.scene7.com/is/image/Boots/10326274?op_sharpen=1",
        "title": "Bodyform Cour-V Ultra Night Sanitary Towels Wings 8 pack",
        "referenceUri": "/bodyform-cour-v-ultra-night-sanitary-towels-wings-8-pack-10326274",
        "canAddToBasket": "yes",
        "opticians": false,
        "inStock": true,
        "expressDelivery": false,
        "hasOtherPromotion": true,
        "channelPromotionalTextMap": {
          "-1": [
            "2 for £2 on selected Bodyform"
          ],
          "-6": [
            "2 for £2 on selected Bodyform"
          ]
        },
        "adCardPoints": 3
      },
      {
        "ppuQuantity": "10UNI",
        "pricing": {
          "perUnit": "£0.16 per 1UNI",
          "regular": {
            "value": 1.55,
            "currency": "GBP",
            "text": "£1.55"
          },
          "current": {
            "value": 1.55,
            "currency": "GBP",
            "text": "£1.55"
          }
        },
        "objectId": "2812685",
        "brand": "Bodyform",
        "attributes": {
          "product_type": "sanitary towels",
          "StockOverrideMessage": "STOCK_COMING_SOON",
          "gender": "womens",
          "hasPriceAdvantageDeal": false,
          "protection": "normal",
          "skin_type": "all skin types",
          "free_from": "fragrance-free",
          "key_features": "with wings",
          "ProductReviewFlag": "1"
        },
        "variants": {
          "colours": [],
          "hasColours": false,
          "hasSizes": false
        },
        "categories": [
          [
            {
              "name": "new in",
              "label": "new in"
            },
            {
              "name": "toiletries",
              "label": "toiletries"
            }
          ],
          [
            {
              "name": "new in toiletries",
              "label": "new in > new in toiletries"
            },
            {
              "name": "period products",
              "label": "toiletries > period products"
            },
            {
              "name": "new in toiletries",
              "label": "toiletries > new in toiletries"
            }
          ],
          [
            {
              "name": "panty liners",
              "label": "toiletries > period products > panty liners"
            },
            {
              "name": "sanitary pads",
              "label": "toiletries > period products > sanitary pads"
            }
          ]
        ],
        "reviews": {
          "average": 2,
          "count": 1,
          "rounded": 2
        },
        "parent": {
          "product": "2812684",
          "partNumber": "10326273.P",
          "model": "10326273",
          "manufacturerModel": "5435978"
        },
        "images": {
          "thumbnail": "https://boots.scene7.com/is/image/Boots/10326273?wid=45&hei=60&op_sharpen=1"
        },
        "offers": [
          {
            "text": "2 for £2 on selected Bodyform"
          }
        ],
        "actions": {},
        "iconUri": "https://boots.scene7.com/is/image/Boots/10326273?op_sharpen=1",
        "title": "Bodyform Cour-V Ultra Long Sanitary Towels Wings 10 pack",
        "referenceUri": "/bodyform-cour-v-ultra-long-sanitary-towels-wings-10-pack-10326273",
        "canAddToBasket": "yes",
        "opticians": false,
        "inStock": true,
        "expressDelivery": false,
        "hasOtherPromotion": true,
        "channelPromotionalTextMap": {
          "-1": [
            "2 for £2 on selected Bodyform"
          ],
          "-6": [
            "2 for £2 on selected Bodyform"
          ]
        },
        "adCardPoints": 3
      },
      {
        "ppuQuantity": "90ML",
        "pricing": {
          "perUnit": "£24.44 per 100ML",
          "regular": {
            "value": 22,
            "currency": "GBP",
            "text": "£22.00"
          },
          "current": {
            "value": 22,
            "currency": "GBP",
            "text": "£22.00"
          }
        },
        "objectId": "2728619",
        "brand": "Sol de Janeiro",
        "attributes": {
          "hasPriceAdvantageDeal": false,
          "product_type": [
            "body mist",
            "hair mist"
          ],
          "StockOverrideMessage": "STOCK_COMING_SOON",
          "key_features": "long lasting",
          "ProductReviewFlag": "1"
        },
        "variants": {
          "colours": [],
          "hasColours": false,
          "hasSizes": false
        },
        "categories": [
          [
            {
              "name": "new in",
              "label": "new in"
            },
            {
              "name": "beauty & skincare",
              "label": "beauty & skincare"
            },
            {
              "name": "toiletries",
              "label": "toiletries"
            },
            {
              "name": "fragrance",
              "label": "fragrance"
            },
            {
              "name": "sun & holiday",
              "label": "sun & holiday"
            }
          ],
          [
            {
              "name": "new brands",
              "label": "new in > new brands"
            },
            {
              "name": "hair",
              "label": "beauty & skincare > hair"
            },
            {
              "name": "hair",
              "label": "toiletries > hair"
            },
            {
              "name": "premium beauty & skincare",
              "label": "beauty & skincare > premium beauty & skincare"
            },
            {
              "name": "perfume",
              "label": "fragrance > perfume"
            },
            {
              "name": "luxury bath & body",
              "label": "toiletries > luxury bath & body"
            },
            {
              "name": "festival",
              "label": "sun & holiday > festival"
            },
            {
              "name": "new in toiletries",
              "label": "toiletries > new in toiletries"
            },
            {
              "name": "new in toiletries",
              "label": "new in > new in toiletries"
            },
            {
              "name": "new in luxury bath & body",
              "label": "new in > new in luxury bath & body"
            }
          ],
          [
            {
              "name": "curls kinks and coils",
              "label": "beauty & skincare > hair > curls kinks and coils"
            },
            {
              "name": "curls kinks and coils",
              "label": "toiletries > hair > curls kinks and coils"
            },
            {
              "name": "premium hair",
              "label": "beauty & skincare > hair > premium hair"
            },
            {
              "name": "all hair",
              "label": "beauty & skincare > hair > all hair"
            },
            {
              "name": "premium hair",
              "label": "beauty & skincare > premium beauty & skincare > premium hair"
            },
            {
              "name": "premium beauty offers",
              "label": "beauty & skincare > premium beauty & skincare > premium beauty offers"
            },
            {
              "name": "hair & body mists",
              "label": "fragrance > perfume > hair & body mists"
            },
            {
              "name": "premium hair",
              "label": "toiletries > hair > premium hair"
            },
            {
              "name": "all hair",
              "label": "toiletries > hair > all hair"
            },
            {
              "name": "new in luxury bath & body",
              "label": "toiletries > luxury bath & body > new in luxury bath & body"
            },
            {
              "name": "festival skincare",
              "label": "sun & holiday > festival > festival skincare"
            }
          ],
          [
            {
              "name": "curly hair",
              "label": "beauty & skincare > hair > curls kinks and coils > curly hair"
            },
            {
              "name": "coily hair",
              "label": "beauty & skincare > hair > curls kinks and coils > coily hair"
            },
            {
              "name": "wavy hair",
              "label": "beauty & skincare > hair > curls kinks and coils > wavy hair"
            },
            {
              "name": "curly hair",
              "label": "toiletries > hair > curls kinks and coils > curly hair"
            },
            {
              "name": "coily hair",
              "label": "toiletries > hair > curls kinks and coils > coily hair"
            },
            {
              "name": "wavy hair",
              "label": "toiletries > hair > curls kinks and coils > wavy hair"
            }
          ]
        ],
        "reviews": {
          "average": 4.53,
          "count": 1519,
          "rounded": 4
        },
        "parent": {
          "product": "2728618",
          "partNumber": "10318298.P",
          "model": "10318298",
          "manufacturerModel": "4235223"
        },
        "images": {
          "thumbnail": "https://boots.scene7.com/is/image/Boots/10318298?wid=45&hei=60&op_sharpen=1"
        },
        "offers": [],
        "actions": {},
        "iconUri": "https://boots.scene7.com/is/image/Boots/10318298?op_sharpen=1",
        "title": "Sol de Janeiro Brazilian Crush Cheirosa 68 Perfume Mist 90ml",
        "referenceUri": "/sol-de-janeiro-brazilian-crush-cheirosa-68-perfume-mist-90ml-10318298",
        "canAddToBasket": "yes",
        "opticians": false,
        "inStock": true,
        "expressDelivery": false,
        "hasOtherPromotion": false,
        "channelPromotionalTextMap": {
          "-1": [],
          "-6": []
        },
        "adCardPoints": 66
      },
      {
        "ppuQuantity": "20UNI",
        "pricing": {
          "perUnit": "£0.17 per 1UNI",
          "regular": {
            "value": 3.4,
            "currency": "GBP",
            "text": "£3.40"
          },
          "current": {
            "value": 3.4,
            "currency": "GBP",
            "text": "£3.40"
          }
        },
        "objectId": "2723605",
        "brand": "Always",
        "attributes": {
          "hasPriceAdvantageDeal": false,
          "product_type": "sanitary towels",
          "StockOverrideMessage": "STOCK_COMING_SOON",
          "key_features": "with wings",
          "ProductReviewFlag": "1"
        },
        "variants": {
          "colours": [],
          "hasColours": false,
          "hasSizes": false
        },
        "categories": [
          [
            {
              "name": "new in",
              "label": "new in"
            },
            {
              "name": "toiletries",
              "label": "toiletries"
            }
          ],
          [
            {
              "name": "new in toiletries",
              "label": "new in > new in toiletries"
            },
            {
              "name": "period products",
              "label": "toiletries > period products"
            },
            {
              "name": "new in toiletries",
              "label": "toiletries > new in toiletries"
            }
          ],
          [
            {
              "name": "sanitary pads",
              "label": "toiletries > period products > sanitary pads"
            },
            {
              "name": "tampons",
              "label": "toiletries > period products > tampons"
            }
          ]
        ],
        "reviews": {
          "average": 4.72,
          "count": 2923,
          "rounded": 4
        },
        "parent": {
          "product": "2723604",
          "partNumber": "10317691.P",
          "model": "10317691",
          "manufacturerModel": "4176804"
        },
        "images": {
          "thumbnail": "https://boots.scene7.com/is/image/Boots/10317691?wid=45&hei=60&op_sharpen=1"
        },
        "offers": [
          {
            "text": "2 for £6 on selected Always and Tampax"
          }
        ],
        "actions": {},
        "iconUri": "https://boots.scene7.com/is/image/Boots/10317691?op_sharpen=1",
        "title": "Always Ultra Sanitary Towels Long (Size 2) Wings x20 Pads",
        "referenceUri": "/always-ultra-sanitary-towels-long-%28size-2%29-wings-x20-pads-10317691",
        "canAddToBasket": "yes",
        "opticians": false,
        "inStock": true,
        "expressDelivery": false,
        "hasOtherPromotion": true,
        "channelPromotionalTextMap": {
          "-1": [
            "2 for £6 on selected Always and Tampax"
          ],
          "-6": [
            "2 for £6 on selected Always and Tampax"
          ]
        },
        "adCardPoints": 9
      },
      {
        "ppuQuantity": "90ML",
        "pricing": {
          "perUnit": "£24.44 per 100ML",
          "regular": {
            "value": 22,
            "currency": "GBP",
            "text": "£22.00"
          },
          "current": {
            "value": 22,
            "currency": "GBP",
            "text": "£22.00"
          }
        },
        "objectId": "2728611",
        "brand": "Sol de Janeiro",
        "attributes": {
          "hasPriceAdvantageDeal": false,
          "product_type": [
            "body mist",
            "hair mist"
          ],
          "StockOverrideMessage": "STOCK_COMING_SOON",
          "key_features": "long lasting",
          "ProductReviewFlag": "1"
        },
        "variants": {
          "colours": [],
          "hasColours": false,
          "hasSizes": false
        },
        "categories": [
          [
            {
              "name": "new in",
              "label": "new in"
            },
            {
              "name": "beauty & skincare",
              "label": "beauty & skincare"
            },
            {
              "name": "toiletries",
              "label": "toiletries"
            },
            {
              "name": "fragrance",
              "label": "fragrance"
            },
            {
              "name": "sun & holiday",
              "label": "sun & holiday"
            },
            {
              "name": "gift",
              "label": "gift"
            },
            {
              "name": "love island",
              "label": "love island"
            }
          ],
          [
            {
              "name": "new brands",
              "label": "new in > new brands"
            },
            {
              "name": "hair",
              "label": "beauty & skincare > hair"
            },
            {
              "name": "hair",
              "label": "toiletries > hair"
            },
            {
              "name": "premium beauty & skincare",
              "label": "beauty & skincare > premium beauty & skincare"
            },
            {
              "name": "perfume",
              "label": "fragrance > perfume"
            },
            {
              "name": "luxury bath & body",
              "label": "toiletries > luxury bath & body"
            },
            {
              "name": "festival",
              "label": "sun & holiday > festival"
            },
            {
              "name": "love island",
              "label": "sun & holiday > love island"
            },
            {
              "name": "brands",
              "label": "fragrance > brands"
            },
            {
              "name": "new in toiletries",
              "label": "toiletries > new in toiletries"
            },
            {
              "name": "birthday gifts",
              "label": "gift > birthday gifts"
            },
            {
              "name": "shop the love island villa",
              "label": "love island > shop the love island villa"
            },
            {
              "name": "new in toiletries",
              "label": "new in > new in toiletries"
            },
            {
              "name": "new in luxury bath & body",
              "label": "new in > new in luxury bath & body"
            }
          ],
          [
            {
              "name": "curls kinks and coils",
              "label": "beauty & skincare > hair > curls kinks and coils"
            },
            {
              "name": "curls kinks and coils",
              "label": "toiletries > hair > curls kinks and coils"
            },
            {
              "name": "premium hair",
              "label": "beauty & skincare > hair > premium hair"
            },
            {
              "name": "all hair",
              "label": "beauty & skincare > hair > all hair"
            },
            {
              "name": "premium hair",
              "label": "beauty & skincare > premium beauty & skincare > premium hair"
            },
            {
              "name": "premium beauty offers",
              "label": "beauty & skincare > premium beauty & skincare > premium beauty offers"
            },
            {
              "name": "hair & body mists",
              "label": "fragrance > perfume > hair & body mists"
            },
            {
              "name": "premium hair",
              "label": "toiletries > hair > premium hair"
            },
            {
              "name": "all hair",
              "label": "toiletries > hair > all hair"
            },
            {
              "name": "new in luxury bath & body",
              "label": "toiletries > luxury bath & body > new in luxury bath & body"
            },
            {
              "name": "festival skincare",
              "label": "sun & holiday > festival > festival skincare"
            },
            {
              "name": "shop the love island villa",
              "label": "sun & holiday > love island > shop the love island villa"
            }
          ],
          [
            {
              "name": "curly hair",
              "label": "beauty & skincare > hair > curls kinks and coils > curly hair"
            },
            {
              "name": "coily hair",
              "label": "beauty & skincare > hair > curls kinks and coils > coily hair"
            },
            {
              "name": "wavy hair",
              "label": "beauty & skincare > hair > curls kinks and coils > wavy hair"
            },
            {
              "name": "curly hair",
              "label": "toiletries > hair > curls kinks and coils > curly hair"
            },
            {
              "name": "coily hair",
              "label": "toiletries > hair > curls kinks and coils > coily hair"
            },
            {
              "name": "wavy hair",
              "label": "toiletries > hair > curls kinks and coils > wavy hair"
            }
          ]
        ],
        "reviews": {
          "average": 4.71,
          "count": 3688,
          "rounded": 4
        },
        "parent": {
          "product": "2728610",
          "partNumber": "10318294.P",
          "model": "10318294",
          "manufacturerModel": "4235185"
        },
        "images": {
          "thumbnail": "https://boots.scene7.com/is/image/Boots/10318294?wid=45&hei=60&op_sharpen=1"
        },
        "offers": [],
        "actions": {},
        "iconUri": "https://boots.scene7.com/is/image/Boots/10318294?op_sharpen=1",
        "title": "Sol de Janeiro Brazilian Crush Cheirosa 62 Perfume Mist 90ml",
        "referenceUri": "/sol-de-janeiro-brazilian-crush-cheirosa-62-perfume-mist-90ml-10318294",
        "canAddToBasket": "yes",
        "opticians": false,
        "inStock": true,
        "expressDelivery": false,
        "hasOtherPromotion": false,
        "channelPromotionalTextMap": {
          "-1": [],
          "-6": []
        },
        "adCardPoints": 66
      },
      {
        "ppuQuantity": "18UNI",
        "pricing": {
          "perUnit": "£0.19 per 1UNI",
          "regular": {
            "value": 3.4,
            "currency": "GBP",
            "text": "£3.40"
          },
          "current": {
            "value": 3.4,
            "currency": "GBP",
            "text": "£3.40"
          }
        },
        "objectId": "2723601",
        "brand": "Always",
        "attributes": {
          "hasPriceAdvantageDeal": false,
          "product_type": "sanitary towels",
          "StockOverrideMessage": "STOCK_COMING_SOON",
          "key_features": "with wings",
          "ProductReviewFlag": "1"
        },
        "variants": {
          "colours": [],
          "hasColours": false,
          "hasSizes": false
        },
        "categories": [
          [
            {
              "name": "new in",
              "label": "new in"
            },
            {
              "name": "toiletries",
              "label": "toiletries"
            }
          ],
          [
            {
              "name": "new in toiletries",
              "label": "new in > new in toiletries"
            },
            {
              "name": "period products",
              "label": "toiletries > period products"
            },
            {
              "name": "new in toiletries",
              "label": "toiletries > new in toiletries"
            }
          ],
          [
            {
              "name": "sanitary pads",
              "label": "toiletries > period products > sanitary pads"
            },
            {
              "name": "tampons",
              "label": "toiletries > period products > tampons"
            }
          ]
        ],
        "reviews": {
          "average": 4.72,
          "count": 2153,
          "rounded": 4
        },
        "parent": {
          "product": "2723600",
          "partNumber": "10317689.P",
          "model": "10317689",
          "manufacturerModel": "4176782"
        },
        "images": {
          "thumbnail": "https://boots.scene7.com/is/image/Boots/10317689?wid=45&hei=60&op_sharpen=1"
        },
        "offers": [
          {
            "text": "2 for £6 on selected Always and Tampax"
          }
        ],
        "actions": {},
        "iconUri": "https://boots.scene7.com/is/image/Boots/10317689?op_sharpen=1",
        "title": "Always Ultra Sanitary Towels Day & Night (Size 3) Wings x18 Pads",
        "referenceUri": "/always-ultra-sanitary-towels-day-night-%28size-3%29-wings-x18-pads-10317689",
        "canAddToBasket": "yes",
        "opticians": false,
        "inStock": true,
        "expressDelivery": false,
        "hasOtherPromotion": true,
        "channelPromotionalTextMap": {
          "-1": [
            "2 for £6 on selected Always and Tampax"
          ],
          "-6": [
            "2 for £6 on selected Always and Tampax"
          ]
        },
        "adCardPoints": 9
      },
      {
        "ppuQuantity": "500ML",
        "pricing": {
          "perUnit": "£0.36 per 100ML",
          "regular": {
            "value": 1.8,
            "currency": "GBP",
            "text": "£1.80"
          },
          "current": {
            "value": 1.8,
            "currency": "GBP",
            "text": "£1.80"
          }
        },
        "objectId": "2826197",
        "brand": "Dove",
        "attributes": {
          "product_type": [
            "refill",
            "hand wash"
          ],
          "size": "500+",
          "gender": "unisex",
          "StockOverrideMessage": "STOCK_COMING_SOON",
          "format": "liquid",
          "hasPriceAdvantageDeal": false,
          "skin_type": "all skin types",
          "body_area": "body",
          "key_features": "moisturising",
          "ProductReviewFlag": "1"
        },
        "variants": {
          "colours": [],
          "hasColours": false,
          "hasSizes": false
        },
        "categories": [
          [
            {
              "name": "new in",
              "label": "new in"
            },
            {
              "name": "toiletries",
              "label": "toiletries"
            }
          ],
          [
            {
              "name": "new in toiletries",
              "label": "new in > new in toiletries"
            },
            {
              "name": "bathroom essentials",
              "label": "toiletries > bathroom essentials"
            },
            {
              "name": "new in toiletries",
              "label": "toiletries > new in toiletries"
            }
          ],
          [
            {
              "name": "soap & hand wash",
              "label": "toiletries > bathroom essentials > soap & hand wash"
            }
          ]
        ],
        "reviews": {
          "average": 4.88,
          "count": 64,
          "rounded": 4
        },
        "parent": {
          "product": "2826196",
          "partNumber": "10327280.P",
          "model": "10327280",
          "manufacturerModel": "5468108"
        },
        "images": {
          "thumbnail": "https://boots.scene7.com/is/image/Boots/10327280?wid=45&hei=60&op_sharpen=1"
        },
        "offers": [],
        "actions": {},
        "iconUri": "https://boots.scene7.com/is/image/Boots/10327280?op_sharpen=1",
        "title": "Dove Original Liquid Hand Wash Refill 500ml",
        "referenceUri": "/dove-deeply-nourishing-liquid-hand-soap-refill-pouch-500ml-10327280",
        "canAddToBasket": "yes",
        "opticians": false,
        "inStock": true,
        "expressDelivery": false,
        "hasOtherPromotion": false,
        "channelPromotionalTextMap": {
          "-1": [],
          "-6": []
        },
        "adCardPoints": 3
      },
      {
        "ppuQuantity": "250ML",
        "pricing": {
          "perUnit": "£1.00 per 100ML",
          "regular": {
            "value": 3,
            "currency": "GBP",
            "text": "£3.00"
          },
          "current": {
            "value": 2.5,
            "currency": "GBP",
            "text": "£2.50"
          },
          "saving": {
            "value": 0.5,
            "currency": "GBP",
            "text": "£0.50"
          }
        },
        "objectId": "2664625",
        "brand": "Sure",
        "attributes": {
          "product_type": [
            "deodorant",
            "anti-perspirant"
          ],
          "gender": "mens",
          "size": "201-499",
          "StockOverrideMessage": "STOCK_COMING_SOON",
          "format": [
            "aerosol",
            "spray"
          ],
          "hasPriceAdvantageDeal": false,
          "skin_type": "all skin types",
          "body_area": "body",
          "key_features": "once-a-day",
          "ProductReviewFlag": "1"
        },
        "variants": {
          "colours": [],
          "hasColours": false,
          "hasSizes": false
        },
        "categories": [
          [
            {
              "name": "new in",
              "label": "new in"
            },
            {
              "name": "toiletries",
              "label": "toiletries"
            },
            {
              "name": "men's",
              "label": "men's"
            }
          ],
          [
            {
              "name": "new in toiletries",
              "label": "new in > new in toiletries"
            },
            {
              "name": "men's toiletries",
              "label": "toiletries > men's toiletries"
            },
            {
              "name": "men's toiletries",
              "label": "men's > men's toiletries"
            },
            {
              "name": "deodorants & antiperspirants",
              "label": "toiletries > deodorants & antiperspirants"
            },
            {
              "name": "new in toiletries",
              "label": "toiletries > new in toiletries"
            },
            {
              "name": "new in men's",
              "label": "men's > new in men's"
            }
          ],
          [
            {
              "name": "deodorants & antiperspirants",
              "label": "toiletries > men's toiletries > deodorants & antiperspirants"
            },
            {
              "name": "deodorants & antiperspirants",
              "label": "men's > men's toiletries > deodorants & antiperspirants"
            }
          ]
        ],
        "reviews": {
          "average": 4.74,
          "count": 62,
          "rounded": 4
        },
        "parent": {
          "product": "2664624",
          "partNumber": "10311364.P",
          "model": "10311364",
          "manufacturerModel": "2232340"
        },
        "images": {
          "thumbnail": "https://boots.scene7.com/is/image/Boots/10311364?wid=45&hei=60&op_sharpen=1"
        },
        "offers": [
          {
            "text": "Only £2.50 on selected Sure"
          }
        ],
        "actions": {},
        "iconUri": "https://boots.scene7.com/is/image/Boots/10311364?op_sharpen=1",
        "title": "Sure Men Quantum Dry Antiperspirant Deodorant Nonstop 250ml",
        "referenceUri": "/sure-men-quantum-dry-nonstop-protection-anti-perspirant-deodorant-aerosol-250-ml-10311364",
        "canAddToBasket": "yes",
        "opticians": false,
        "inStock": true,
        "expressDelivery": false,
        "hasOtherPromotion": true,
        "channelPromotionalTextMap": {
          "-1": [
            "Only £2.50 on selected Sure"
          ],
          "-6": [
            "Only £2.50 on selected Sure"
          ]
        },
        "adCardPoints": 6
      },
      {
        "ppuQuantity": "58UNI",
        "pricing": {
          "perUnit": "£0.06 per 1UNI",
          "regular": {
            "value": 3.4,
            "currency": "GBP",
            "text": "£3.40"
          },
          "current": {
            "value": 3.4,
            "currency": "GBP",
            "text": "£3.40"
          }
        },
        "objectId": "2723593",
        "brand": "Always",
        "attributes": {
          "hasPriceAdvantageDeal": false,
          "product_type": "liners",
          "StockOverrideMessage": "STOCK_COMING_SOON",
          "key_features": [
            "without wings",
            "scented"
          ],
          "ProductReviewFlag": "1"
        },
        "variants": {
          "colours": [],
          "hasColours": false,
          "hasSizes": false
        },
        "categories": [
          [
            {
              "name": "new in",
              "label": "new in"
            },
            {
              "name": "toiletries",
              "label": "toiletries"
            }
          ],
          [
            {
              "name": "new in toiletries",
              "label": "new in > new in toiletries"
            },
            {
              "name": "period products",
              "label": "toiletries > period products"
            },
            {
              "name": "new in toiletries",
              "label": "toiletries > new in toiletries"
            }
          ],
          [
            {
              "name": "panty liners",
              "label": "toiletries > period products > panty liners"
            },
            {
              "name": "sanitary pads",
              "label": "toiletries > period products > sanitary pads"
            }
          ]
        ],
        "reviews": {
          "average": 4.65,
          "count": 2740,
          "rounded": 4
        },
        "parent": {
          "product": "2723592",
          "partNumber": "10317685.P",
          "model": "10317685",
          "manufacturerModel": "4176731"
        },
        "images": {
          "thumbnail": "https://boots.scene7.com/is/image/Boots/10317685?wid=45&hei=60&op_sharpen=1"
        },
        "offers": [
          {
            "text": "2 for £6 on selected Always and Tampax"
          }
        ],
        "actions": {},
        "iconUri": "https://boots.scene7.com/is/image/Boots/10317685?op_sharpen=1",
        "title": "Always Dailies Extra Protect Panty Liners Large x58",
        "referenceUri": "/always-dailies-extra-protect-panty-liners-large-x58-10317685",
        "canAddToBasket": "yes",
        "opticians": false,
        "inStock": true,
        "expressDelivery": false,
        "hasOtherPromotion": true,
        "channelPromotionalTextMap": {
          "-1": [
            "2 for £6 on selected Always and Tampax"
          ],
          "-6": [
            "2 for £6 on selected Always and Tampax"
          ]
        },
        "adCardPoints": 9
      },
      {
        "ppuQuantity": "200ML",
        "pricing": {
          "perUnit": "£1.25 per 100ML",
          "regular": {
            "value": 2.5,
            "currency": "GBP",
            "text": "£2.50"
          },
          "current": {
            "value": 2.5,
            "currency": "GBP",
            "text": "£2.50"
          }
        },
        "objectId": "2754169",
        "brand": "Imperial Leather",
        "attributes": {
          "product_type": "shower gel",
          "StockOverrideMessage": "STOCK_COMING_SOON",
          "hasPriceAdvantageDeal": false,
          "skin_type": "all skin types",
          "body_area": "body",
          "ProductReviewFlag": "1"
        },
        "variants": {
          "colours": [],
          "hasColours": false,
          "hasSizes": false
        },
        "categories": [
          [
            {
              "name": "new in",
              "label": "new in"
            },
            {
              "name": "toiletries",
              "label": "toiletries"
            }
          ],
          [
            {
              "name": "new in toiletries",
              "label": "new in > new in toiletries"
            },
            {
              "name": "bathroom essentials",
              "label": "toiletries > bathroom essentials"
            },
            {
              "name": "new in toiletries",
              "label": "toiletries > new in toiletries"
            }
          ],
          [
            {
              "name": "shower gel",
              "label": "toiletries > bathroom essentials > shower gel"
            }
          ]
        ],
        "reviews": {
          "average": 5,
          "count": 6,
          "rounded": 5
        },
        "parent": {
          "product": "2754168",
          "partNumber": "10320787.P",
          "model": "10320787",
          "manufacturerModel": "4236297"
        },
        "images": {
          "thumbnail": "https://boots.scene7.com/is/image/Boots/10320787?wid=45&hei=60&op_sharpen=1"
        },
        "offers": [],
        "actions": {},
        "iconUri": "https://boots.scene7.com/is/image/Boots/10320787?op_sharpen=1",
        "title": "Imperial Leather Energising Foamburst Bergamot & Sea Minerals 200ml",
        "referenceUri": "/imperial-leather-energising-body-wash-bergamot-and-sea-salt-10320787",
        "canAddToBasket": "yes",
        "opticians": false,
        "inStock": true,
        "expressDelivery": false,
        "hasOtherPromotion": false,
        "channelPromotionalTextMap": {
          "-1": [],
          "-6": []
        },
        "adCardPoints": 6
      },
      {
        "ppuQuantity": "44UNI",
        "pricing": {
          "perUnit": "£0.04 per 1UNI",
          "regular": {
            "value": 1.55,
            "currency": "GBP",
            "text": "£1.55"
          },
          "current": {
            "value": 1.55,
            "currency": "GBP",
            "text": "£1.55"
          }
        },
        "objectId": "2828121",
        "brand": "Bodyform",
        "attributes": {
          "product_type": "panty liners",
          "StockOverrideMessage": "STOCK_COMING_SOON",
          "gender": "womens",
          "hasPriceAdvantageDeal": false,
          "protection": "normal",
          "skin_type": "all skin types",
          "free_from": "fragrance-free",
          "key_features": "ultra soft",
          "ProductReviewFlag": "1"
        },
        "variants": {
          "colours": [],
          "hasColours": false,
          "hasSizes": false
        },
        "categories": [
          [
            {
              "name": "new in",
              "label": "new in"
            },
            {
              "name": "toiletries",
              "label": "toiletries"
            }
          ],
          [
            {
              "name": "new in toiletries",
              "label": "new in > new in toiletries"
            },
            {
              "name": "period products",
              "label": "toiletries > period products"
            },
            {
              "name": "new in toiletries",
              "label": "toiletries > new in toiletries"
            }
          ],
          [
            {
              "name": "panty liners",
              "label": "toiletries > period products > panty liners"
            }
          ]
        ],
        "reviews": {
          "average": 4.17,
          "count": 6,
          "rounded": 4
        },
        "parent": {
          "product": "2828120",
          "partNumber": "10327325.P",
          "model": "10327325",
          "manufacturerModel": "5469562"
        },
        "images": {
          "thumbnail": "https://boots.scene7.com/is/image/Boots/10327325?wid=45&hei=60&op_sharpen=1"
        },
        "offers": [
          {
            "text": "2 for £2 on selected Bodyform"
          }
        ],
        "actions": {},
        "iconUri": "https://boots.scene7.com/is/image/Boots/10327325?op_sharpen=1",
        "title": "Bodyform Dailies Classic Panty Liners 44 pack",
        "referenceUri": "/bodyform-dailies-classic-panty-liners-44-pack-10327325",
        "canAddToBasket": "yes",
        "opticians": false,
        "inStock": true,
        "expressDelivery": false,
        "hasOtherPromotion": true,
        "channelPromotionalTextMap": {
          "-1": [
            "2 for £2 on selected Bodyform"
          ],
          "-6": [
            "2 for £2 on selected Bodyform"
          ]
        },
        "adCardPoints": 3
      },
      {
        "ppuQuantity": "25UNI",
        "pricing": {
          "perUnit": "£0.11 per 1UNI",
          "regular": {
            "value": 2.75,
            "currency": "GBP",
            "text": "£2.75"
          },
          "current": {
            "value": 2.75,
            "currency": "GBP",
            "text": "£2.75"
          }
        },
        "objectId": "2696671",
        "brand": "Femfresh",
        "attributes": {
          "suitable_for": "vegan",
          "StockOverrideMessage": "STOCK_COMING_SOON",
          "gender": "womens",
          "format": "wipes",
          "skin_type": "sensitive skin",
          "body_area": "body",
          "product_type": "feminine wipes",
          "size": "21-30",
          "hasPriceAdvantageDeal": false,
          "ingredients": "aloe vera",
          "free_from": "fragrance-free",
          "key_features": "freshening",
          "ProductReviewFlag": "1"
        },
        "variants": {
          "colours": [],
          "hasColours": false,
          "hasSizes": false
        },
        "categories": [
          [
            {
              "name": "new in",
              "label": "new in"
            },
            {
              "name": "health & pharmacy",
              "label": "health & pharmacy"
            },
            {
              "name": "toiletries",
              "label": "toiletries"
            }
          ],
          [
            {
              "name": "new in toiletries",
              "label": "new in > new in toiletries"
            },
            {
              "name": "women's health",
              "label": "health & pharmacy > women's health"
            },
            {
              "name": "period products",
              "label": "toiletries > period products"
            },
            {
              "name": "new in toiletries",
              "label": "toiletries > new in toiletries"
            }
          ],
          [
            {
              "name": "intimate wash & wipes",
              "label": "health & pharmacy > women's health > intimate wash & wipes"
            },
            {
              "name": "intimate wash & wipes",
              "label": "toiletries > period products > intimate wash & wipes"
            }
          ]
        ],
        "reviews": {
          "average": 4.62,
          "count": 110,
          "rounded": 4
        },
        "parent": {
          "product": "2696670",
          "partNumber": "10314918.P",
          "model": "10314918",
          "manufacturerModel": "3505847"
        },
        "images": {
          "thumbnail": "https://boots.scene7.com/is/image/Boots/10314918?wid=45&hei=60&op_sharpen=1"
        },
        "offers": [],
        "actions": {},
        "iconUri": "https://boots.scene7.com/is/image/Boots/10314918?op_sharpen=1",
        "title": "FremFresh Wipes 0% 25 Pack",
        "referenceUri": "/fremfresh-wipes-0-25-pack-10314918",
        "canAddToBasket": "yes",
        "opticians": false,
        "inStock": true,
        "expressDelivery": false,
        "hasOtherPromotion": false,
        "channelPromotionalTextMap": {
          "-1": [],
          "-6": []
        },
        "adCardPoints": 6
      },
      {
        "ppuQuantity": "400ML",
        "pricing": {
          "perUnit": "£0.56 per 100ML",
          "regular": {
            "value": 2.25,
            "currency": "GBP",
            "text": "£2.25"
          },
          "current": {
            "value": 2.25,
            "currency": "GBP",
            "text": "£2.25"
          }
        },
        "objectId": "2788176",
        "brand": "L'Oreal",
        "attributes": {
          "hasPriceAdvantageDeal": false,
          "product_type": "shower gel",
          "StockOverrideMessage": "STOCK_COMING_SOON",
          "ProductReviewFlag": "1"
        },
        "variants": {
          "colours": [],
          "hasColours": false,
          "hasSizes": false
        },
        "categories": [
          [
            {
              "name": "new in",
              "label": "new in"
            },
            {
              "name": "toiletries",
              "label": "toiletries"
            },
            {
              "name": "sun & holiday",
              "label": "sun & holiday"
            },
            {
              "name": "men's",
              "label": "men's"
            },
            {
              "name": "love island",
              "label": "love island"
            }
          ],
          [
            {
              "name": "new in toiletries",
              "label": "new in > new in toiletries"
            },
            {
              "name": "men's toiletries",
              "label": "toiletries > men's toiletries"
            },
            {
              "name": "love island",
              "label": "sun & holiday > love island"
            },
            {
              "name": "men's toiletries",
              "label": "men's > men's toiletries"
            },
            {
              "name": "new in toiletries",
              "label": "toiletries > new in toiletries"
            },
            {
              "name": "shop the love island villa",
              "label": "love island > shop the love island villa"
            }
          ],
          [
            {
              "name": "washing & bathing",
              "label": "toiletries > men's toiletries > washing & bathing"
            },
            {
              "name": "shop the love island villa",
              "label": "sun & holiday > love island > shop the love island villa"
            },
            {
              "name": "washing & bathing",
              "label": "men's > men's toiletries > washing & bathing"
            }
          ]
        ],
        "reviews": {
          "average": 5,
          "count": 9,
          "rounded": 5
        },
        "parent": {
          "product": "2788175",
          "partNumber": "10320377.P",
          "model": "10320377",
          "manufacturerModel": "4938585"
        },
        "images": {
          "thumbnail": "https://boots.scene7.com/is/image/Boots/10320377?wid=45&hei=60&op_sharpen=1"
        },
        "offers": [],
        "actions": {},
        "iconUri": "https://boots.scene7.com/is/image/Boots/10320377?op_sharpen=1",
        "title": "L'Oreal Men Expert Barber Club Body, Hair & Beard Wash 400ml",
        "referenceUri": "/loreal-men-expert-barber-club-body-hair-beard-wash-400ml-10320377",
        "canAddToBasket": "yes",
        "opticians": false,
        "inStock": true,
        "expressDelivery": false,
        "hasOtherPromotion": false,
        "channelPromotionalTextMap": {
          "-1": [],
          "-6": []
        },
        "adCardPoints": 6
      },
      {
        "ppuQuantity": "90ML",
        "pricing": {
          "perUnit": "£24.44 per 100ML",
          "regular": {
            "value": 22,
            "currency": "GBP",
            "text": "£22.00"
          },
          "current": {
            "value": 22,
            "currency": "GBP",
            "text": "£22.00"
          }
        },
        "objectId": "2728615",
        "brand": "Sol de Janeiro",
        "attributes": {
          "hasPriceAdvantageDeal": false,
          "product_type": [
            "body mist",
            "hair mist"
          ],
          "StockOverrideMessage": "STOCK_COMING_SOON",
          "key_features": "long lasting",
          "ProductReviewFlag": "1"
        },
        "variants": {
          "colours": [],
          "hasColours": false,
          "hasSizes": false
        },
        "categories": [
          [
            {
              "name": "new in",
              "label": "new in"
            },
            {
              "name": "beauty & skincare",
              "label": "beauty & skincare"
            },
            {
              "name": "toiletries",
              "label": "toiletries"
            },
            {
              "name": "fragrance",
              "label": "fragrance"
            },
            {
              "name": "sun & holiday",
              "label": "sun & holiday"
            },
            {
              "name": "love island",
              "label": "love island"
            }
          ],
          [
            {
              "name": "new brands",
              "label": "new in > new brands"
            },
            {
              "name": "hair",
              "label": "beauty & skincare > hair"
            },
            {
              "name": "hair",
              "label": "toiletries > hair"
            },
            {
              "name": "premium beauty & skincare",
              "label": "beauty & skincare > premium beauty & skincare"
            },
            {
              "name": "perfume",
              "label": "fragrance > perfume"
            },
            {
              "name": "luxury bath & body",
              "label": "toiletries > luxury bath & body"
            },
            {
              "name": "love island",
              "label": "sun & holiday > love island"
            },
            {
              "name": "brands",
              "label": "fragrance > brands"
            },
            {
              "name": "new in toiletries",
              "label": "toiletries > new in toiletries"
            },
            {
              "name": "shop the love island villa",
              "label": "love island > shop the love island villa"
            },
            {
              "name": "new in toiletries",
              "label": "new in > new in toiletries"
            },
            {
              "name": "new in luxury bath & body",
              "label": "new in > new in luxury bath & body"
            }
          ],
          [
            {
              "name": "curls kinks and coils",
              "label": "beauty & skincare > hair > curls kinks and coils"
            },
            {
              "name": "curls kinks and coils",
              "label": "toiletries > hair > curls kinks and coils"
            },
            {
              "name": "premium hair",
              "label": "beauty & skincare > hair > premium hair"
            },
            {
              "name": "all hair",
              "label": "beauty & skincare > hair > all hair"
            },
            {
              "name": "premium hair",
              "label": "beauty & skincare > premium beauty & skincare > premium hair"
            },
            {
              "name": "premium beauty offers",
              "label": "beauty & skincare > premium beauty & skincare > premium beauty offers"
            },
            {
              "name": "hair & body mists",
              "label": "fragrance > perfume > hair & body mists"
            },
            {
              "name": "premium hair",
              "label": "toiletries > hair > premium hair"
            },
            {
              "name": "all hair",
              "label": "toiletries > hair > all hair"
            },
            {
              "name": "new in luxury bath & body",
              "label": "toiletries > luxury bath & body > new in luxury bath & body"
            },
            {
              "name": "shop the love island villa",
              "label": "sun & holiday > love island > shop the love island villa"
            }
          ],
          [
            {
              "name": "curly hair",
              "label": "beauty & skincare > hair > curls kinks and coils > curly hair"
            },
            {
              "name": "coily hair",
              "label": "beauty & skincare > hair > curls kinks and coils > coily hair"
            },
            {
              "name": "wavy hair",
              "label": "beauty & skincare > hair > curls kinks and coils > wavy hair"
            },
            {
              "name": "curly hair",
              "label": "toiletries > hair > curls kinks and coils > curly hair"
            },
            {
              "name": "coily hair",
              "label": "toiletries > hair > curls kinks and coils > coily hair"
            },
            {
              "name": "wavy hair",
              "label": "toiletries > hair > curls kinks and coils > wavy hair"
            }
          ]
        ],
        "reviews": {
          "average": 4.69,
          "count": 1985,
          "rounded": 4
        },
        "parent": {
          "product": "2728614",
          "partNumber": "10318296.P",
          "model": "10318296",
          "manufacturerModel": "4235207"
        },
        "images": {
          "thumbnail": "https://boots.scene7.com/is/image/Boots/10318296?wid=45&hei=60&op_sharpen=1"
        },
        "offers": [],
        "actions": {},
        "iconUri": "https://boots.scene7.com/is/image/Boots/10318296?op_sharpen=1",
        "title": "Sol de Janeiro Brazilian Crush Cheirosa 40 Perfume Mist 90ml",
        "referenceUri": "/sol-de-janeiro-brazilian-crush-cheirosa-40-perfume-mist-90ml-10318296",
        "canAddToBasket": "yes",
        "opticians": false,
        "inStock": true,
        "expressDelivery": false,
        "hasOtherPromotion": false,
        "channelPromotionalTextMap": {
          "-1": [],
          "-6": []
        },
        "adCardPoints": 66
      }
    ],
    "facets": [
      {
        "key": "brand",
        "text": "Brand",
        "type": "multiple",
        "elements": [
          {
            "key": "Nixi Body",
            "text": "Nixi Body",
            "count": 44
          },
          {
            "key": "Gillette",
            "text": "Gillette",
            "count": 30
          },
          {
            "key": "Ted Baker",
            "text": "Ted Baker",
            "count": 29
          },
          {
            "key": "Sure",
            "text": "Sure",
            "count": 20
          },
          {
            "key": "Baylis & Harding",
            "text": "Baylis & Harding",
            "count": 19
          },
          {
            "key": "Radox",
            "text": "Radox",
            "count": 18
          },
          {
            "key": "Always",
            "text": "Always",
            "count": 17
          },
          {
            "key": "Revolution",
            "text": "Revolution",
            "count": 16
          },
          {
            "key": "Anthony",
            "text": "Anthony",
            "count": 15
          },
          {
            "key": "Bodyform",
            "text": "Bodyform",
            "count": 14
          },
          {
            "key": "L'Oreal",
            "text": "L'Oreal",
            "count": 12
          },
          {
            "key": "Frank Body",
            "text": "Frank Body",
            "count": 11
          },
          {
            "key": "Lynx",
            "text": "Lynx",
            "count": 11
          },
          {
            "key": "hismile",
            "text": "Hismile",
            "count": 11
          },
          {
            "key": "Love Luna",
            "text": "Love Luna",
            "count": 10
          },
          {
            "key": "Shakeup Cosmetics",
            "text": "Shakeup Cosmetics",
            "count": 10
          },
          {
            "key": "Wilkinson Sword",
            "text": "Wilkinson Sword",
            "count": 10
          },
          {
            "key": "Boots",
            "text": "Boots",
            "count": 9
          },
          {
            "key": "Gem",
            "text": "Gem",
            "count": 9
          },
          {
            "key": "Staydry",
            "text": "Staydry",
            "count": 9
          },
          {
            "key": "Sukin",
            "text": "Sukin",
            "count": 9
          },
          {
            "key": "MR",
            "text": "MR",
            "count": 8
          },
          {
            "key": "Sol de Janeiro",
            "text": "Sol de Janeiro",
            "count": 8
          },
          {
            "key": "Bulldog",
            "text": "Bulldog",
            "count": 7
          },
          {
            "key": "Dove",
            "text": "Dove",
            "count": 6
          },
          {
            "key": "FLO",
            "text": "FLO",
            "count": 6
          },
          {
            "key": "Ineos",
            "text": "Ineos",
            "count": 6
          },
          {
            "key": "My Little Coco",
            "text": "My Little Coco",
            "count": 6
          },
          {
            "key": "Sanex",
            "text": "Sanex",
            "count": 6
          },
          {
            "key": "TIGI",
            "text": "TIGI",
            "count": 6
          },
          {
            "key": "Tresemme",
            "text": "Tresemme",
            "count": 6
          },
          {
            "key": "Wild",
            "text": "Wild",
            "count": 6
          },
          {
            "key": "&Sisters",
            "text": "&Sisters",
            "count": 5
          },
          {
            "key": "Dapper Dan",
            "text": "Dapper Dan",
            "count": 5
          },
          {
            "key": "Imperial Leather",
            "text": "Imperial Leather",
            "count": 5
          },
          {
            "key": "Just For Men",
            "text": "Just For Men",
            "count": 5
          },
          {
            "key": "Nivea",
            "text": "Nivea",
            "count": 5
          },
          {
            "key": "Oral B",
            "text": "Oral B",
            "count": 5
          },
          {
            "key": "Sanctuary",
            "text": "Sanctuary",
            "count": 5
          },
          {
            "key": "Dentek",
            "text": "Dentek",
            "count": 4
          },
          {
            "key": "Dr Teals",
            "text": "Dr Teals",
            "count": 4
          },
          {
            "key": "Garnier",
            "text": "Garnier",
            "count": 4
          },
          {
            "key": "Hanz De Fuko",
            "text": "Hanz De Fuko",
            "count": 4
          },
          {
            "key": "L'Oreal Men Expert",
            "text": "L'Oreal Men Expert",
            "count": 4
          },
          {
            "key": "Listerine",
            "text": "Listerine",
            "count": 4
          },
          {
            "key": "Slick Gorilla",
            "text": "Slick Gorilla",
            "count": 4
          },
          {
            "key": "Soap & Glory",
            "text": "Soap & Glory",
            "count": 4
          },
          {
            "key": "Vichy",
            "text": "Vichy",
            "count": 4
          },
          {
            "key": "Barber Pro",
            "text": "Barber Pro",
            "count": 3
          },
          {
            "key": "Batiste",
            "text": "Batiste",
            "count": 3
          },
          {
            "key": "Colgate",
            "text": "Colgate",
            "count": 3
          },
          {
            "key": "Femfresh",
            "text": "Femfresh",
            "count": 3
          },
          {
            "key": "Heath",
            "text": "Heath",
            "count": 3
          },
          {
            "key": "Kleenex",
            "text": "Kleenex",
            "count": 3
          },
          {
            "key": "Love Ocean",
            "text": "Love Ocean",
            "count": 3
          },
          {
            "key": "Nilaqua",
            "text": "Nilaqua",
            "count": 3
          },
          {
            "key": "Tampax",
            "text": "Tampax",
            "count": 3
          },
          {
            "key": "Andrex",
            "text": "Andrex",
            "count": 2
          },
          {
            "key": "Aquafresh",
            "text": "Aquafresh",
            "count": 2
          },
          {
            "key": "Baylis",
            "text": "Baylis",
            "count": 2
          },
          {
            "key": "Bionsen",
            "text": "Bionsen",
            "count": 2
          },
          {
            "key": "Champneys",
            "text": "Champneys",
            "count": 2
          },
          {
            "key": "Cussons",
            "text": "Cussons",
            "count": 2
          },
          {
            "key": "Feather & Down",
            "text": "Feather & Down",
            "count": 2
          },
          {
            "key": "Harry's",
            "text": "Harry's",
            "count": 2
          },
          {
            "key": "Iwhite",
            "text": "Iwhite",
            "count": 2
          },
          {
            "key": "Mitchum",
            "text": "Mitchum",
            "count": 2
          },
          {
            "key": "Moon",
            "text": "Moon",
            "count": 2
          },
          {
            "key": "Nice N Clean",
            "text": "Nice N Clean",
            "count": 2
          },
          {
            "key": "Simple",
            "text": "Simple",
            "count": 2
          },
          {
            "key": "So...?",
            "text": "So...?",
            "count": 2
          },
          {
            "key": "Sonisk",
            "text": "Sonisk",
            "count": 2
          },
          {
            "key": "Spotlight Oral Care",
            "text": "Spotlight Oral Care",
            "count": 2
          },
          {
            "key": "Steripod",
            "text": "Steripod",
            "count": 2
          },
          {
            "key": "The Cheeky Panda",
            "text": "The Cheeky Panda",
            "count": 2
          },
          {
            "key": "This Works",
            "text": "This Works",
            "count": 2
          },
          {
            "key": "Waken",
            "text": "Waken",
            "count": 2
          },
          {
            "key": "Aromatherapy Associates",
            "text": "Aromatherapy Associates",
            "count": 1
          },
          {
            "key": "Aveeno",
            "text": "Aveeno",
            "count": 1
          },
          {
            "key": "Bondi Sands",
            "text": "Bondi Sands",
            "count": 1
          },
          {
            "key": "Bumble and bumble",
            "text": "Bumble and bumble",
            "count": 1
          },
          {
            "key": "Clarins",
            "text": "Clarins",
            "count": 1
          },
          {
            "key": "Cloud Nine",
            "text": "Cloud Nine",
            "count": 1
          },
          {
            "key": "Eco Warrior",
            "text": "Eco Warrior",
            "count": 1
          },
          {
            "key": "Escentuals",
            "text": "Escentuals",
            "count": 1
          },
          {
            "key": "Glo32",
            "text": "Glo32",
            "count": 1
          },
          {
            "key": "Iconic London",
            "text": "Iconic London",
            "count": 1
          },
          {
            "key": "Kiehl's",
            "text": "Kiehl's",
            "count": 1
          },
          {
            "key": "King Of Shaves",
            "text": "King Of Shaves",
            "count": 1
          },
          {
            "key": "La Roche Posay",
            "text": "La Roche Posay",
            "count": 1
          },
          {
            "key": "Lillets",
            "text": "Lillets",
            "count": 1
          },
          {
            "key": "Nads",
            "text": "Nads",
            "count": 1
          },
          {
            "key": "Oilatum",
            "text": "Oilatum",
            "count": 1
          },
          {
            "key": "Original Penguin",
            "text": "Original Penguin",
            "count": 1
          },
          {
            "key": "Panasonic",
            "text": "Panasonic",
            "count": 1
          },
          {
            "key": "Pitrok",
            "text": "Pitrok",
            "count": 1
          },
          {
            "key": "Regenerate",
            "text": "Regenerate",
            "count": 1
          },
          {
            "key": "SleepRight",
            "text": "SleepRight",
            "count": 1
          },
          {
            "key": "Sunny",
            "text": "Sunny",
            "count": 1
          },
          {
            "key": "The Ordinary",
            "text": "The Ordinary",
            "count": 1
          }
        ]
      },
      {
        "key": "currentPrice",
        "text": "Price range",
        "type": "priceRange",
        "minimum": 0.5,
        "maximum": 110
      },
      {
        "key": "roundedReviewScore",
        "text": "Rating",
        "type": "ratings",
        "elements": [
          {
            "key": "1",
            "text": "1",
            "count": 11
          },
          {
            "key": "2",
            "text": "2",
            "count": 12
          },
          {
            "key": "3",
            "text": "3",
            "count": 40
          },
          {
            "key": "4",
            "text": "4",
            "count": 284
          },
          {
            "key": "5",
            "text": "5",
            "count": 98
          }
        ]
      },
      {
        "key": "promotionalText",
        "text": "Promotions",
        "type": "multiple",
        "elements": [
          {
            "key": "Free gift when you spend £12 on selected Ted Baker - online only, whilst stocks last",
            "text": "Free gift when you spend £12 on selected Ted Baker - online only, whilst stocks last",
            "count": 18
          },
          {
            "key": "Save 10 percent on selected Boots Brand with your Advantage Card",
            "text": "Save 10 percent on selected Boots Brand with your Advantage Card",
            "count": 18
          },
          {
            "key": "2 for £6 on selected Always and Tampax",
            "text": "2 for £6 on selected Always and Tampax",
            "count": 11
          },
          {
            "key": "2 for £2 on selected Bodyform",
            "text": "2 for £2 on selected Bodyform",
            "count": 9
          },
          {
            "key": "Only £2.50 on selected Sure",
            "text": "Only £2.50 on selected Sure",
            "count": 8
          },
          {
            "key": "3 for 2 on selected Travel Minis - cheapest free",
            "text": "3 for 2 on selected Travel Minis - cheapest free",
            "count": 7
          },
          {
            "key": "Buy 1 get 2nd 1/2 price on selected Bulldog",
            "text": "Buy 1 get 2nd 1/2 price on selected Bulldog",
            "count": 7
          },
          {
            "key": "Save 20 percent on selected Frank Body - online only",
            "text": "Save 20 percent on selected Frank Body - online only",
            "count": 7
          },
          {
            "key": "1/2 price on selected Tresemme",
            "text": "1/2 price on selected Tresemme",
            "count": 6
          },
          {
            "key": "Sale - Save up to 70 percent",
            "text": "Sale - Save up to 70 percent",
            "count": 6
          },
          {
            "key": "Save 25 percent on selected Andsisters",
            "text": "Save 25 percent on selected Andsisters",
            "count": 5
          },
          {
            "key": "with Advantage Card",
            "text": "With Advantage Card",
            "count": 5
          },
          {
            "key": "Buy 1 get 2nd 1/2 price on selected Dentek",
            "text": "Buy 1 get 2nd 1/2 price on selected Dentek",
            "count": 4
          },
          {
            "key": "Save 1/3 on selected Hismile",
            "text": "Save 1/3 on selected Hismile",
            "count": 4
          },
          {
            "key": "Use code SALE10 to save an extra 10 percent on selected Sale - online only",
            "text": "Use code SALE10 to save an extra 10 percent on selected Sale - online only",
            "count": 4
          },
          {
            "key": "2 for £5 on selected Always organic",
            "text": "2 for £5 on selected Always organic",
            "count": 3
          },
          {
            "key": "3 for 2 on selected Loreal Men Expert - cheapest free",
            "text": "3 for 2 on selected Loreal Men Expert - cheapest free",
            "count": 3
          },
          {
            "key": "Buy 1 get 2nd 1/2 price on selected Barber Pro",
            "text": "Buy 1 get 2nd 1/2 price on selected Barber Pro",
            "count": 3
          },
          {
            "key": "Save 1/3 on selected Gillette Labs",
            "text": "Save 1/3 on selected Gillette Labs",
            "count": 3
          },
          {
            "key": "Save 1/3 on selected Lynx",
            "text": "Save 1/3 on selected Lynx",
            "count": 3
          },
          {
            "key": "Save 1/3 on selected Sanex",
            "text": "Save 1/3 on selected Sanex",
            "count": 3
          },
          {
            "key": "Save 20 percent on selected Ineos",
            "text": "Save 20 percent on selected Ineos",
            "count": 3
          },
          {
            "key": "Save 20 percent on selected Just For Men",
            "text": "Save 20 percent on selected Just For Men",
            "count": 3
          },
          {
            "key": "Save up to 1/2 price on selected Skincare",
            "text": "Save up to 1/2 price on selected Skincare",
            "count": 3
          },
          {
            "key": "Use code BABYSAVE15 to save 15 percent when you spend £40 on selected baby and child - online only\n",
            "text": "Use code BABYSAVE15 to save 15 percent when you spend £40 on selected baby and child - online only\n",
            "count": 3
          },
          {
            "key": "1/2 price on selected Dove Shower Mousse",
            "text": "1/2 price on selected Dove Shower Mousse",
            "count": 2
          },
          {
            "key": "1/2 price on selected Gillette",
            "text": "1/2 price on selected Gillette",
            "count": 2
          },
          {
            "key": "1/2 price on selected Oral B",
            "text": "1/2 price on selected Oral B",
            "count": 2
          },
          {
            "key": "1/2 price with your Advantage Card on selected Garnier",
            "text": "1/2 price with your Advantage Card on selected Garnier",
            "count": 2
          },
          {
            "key": "2 for £5 on selected Always dailies",
            "text": "2 for £5 on selected Always dailies",
            "count": 2
          },
          {
            "key": "3 for 2 on selected Vitamins and Supplements - cheapest free",
            "text": "3 for 2 on selected Vitamins and Supplements - cheapest free",
            "count": 2
          },
          {
            "key": "Save 1/3 on selected Femfresh",
            "text": "Save 1/3 on selected Femfresh",
            "count": 2
          },
          {
            "key": "Save 1/3 on selected So",
            "text": "Save 1/3 on selected So",
            "count": 2
          },
          {
            "key": "Save 25 percent on selected Feather and Down",
            "text": "Save 25 percent on selected Feather and Down",
            "count": 2
          },
          {
            "key": "Save 25 percent with your Advantage Card on selected Mitchum",
            "text": "Save 25 percent with your Advantage Card on selected Mitchum",
            "count": 2
          },
          {
            "key": "1/2 price on selected Andrex",
            "text": "1/2 price on selected Andrex",
            "count": 1
          },
          {
            "key": "1/2 price on selected Colgate",
            "text": "1/2 price on selected Colgate",
            "count": 1
          },
          {
            "key": "1/2 price on selected Gillette Venus",
            "text": "1/2 price on selected Gillette Venus",
            "count": 1
          },
          {
            "key": "2 for £32 on Gillette Labs Razor Blades Refill 4 Pack",
            "text": "2 for £32 on Gillette Labs Razor Blades Refill 4 Pack",
            "count": 1
          },
          {
            "key": "2 for £4 on selected Always",
            "text": "2 for £4 on selected Always",
            "count": 1
          },
          {
            "key": "Clearance - when its gone its gone",
            "text": "Clearance - when its gone its gone",
            "count": 1
          },
          {
            "key": "Only £1 on selected Always",
            "text": "Only £1 on selected Always",
            "count": 1
          },
          {
            "key": "Purchase the Clarins Showstopper for £70, Worth £222, when you spend £70 on selected Clarins",
            "text": "Purchase the Clarins Showstopper for £70, Worth £222, when you spend £70 on selected Clarins",
            "count": 1
          },
          {
            "key": "Save 1/3 on selected Gillette Venus",
            "text": "Save 1/3 on selected Gillette Venus",
            "count": 1
          },
          {
            "key": "Save 1/3 on selected King C Gillette",
            "text": "Save 1/3 on selected King C Gillette",
            "count": 1
          },
          {
            "key": "Save 1/3 on selected Sanctuary Spa",
            "text": "Save 1/3 on selected Sanctuary Spa",
            "count": 1
          },
          {
            "key": "Save 1/3 on selected Wisdom",
            "text": "Save 1/3 on selected Wisdom",
            "count": 1
          },
          {
            "key": "Save 20 percent with your Advantage Card on selected Aveeno",
            "text": "Save 20 percent with your Advantage Card on selected Aveeno",
            "count": 1
          },
          {
            "key": "Save 20 percent with your Advantage Card on selected Dr Teals",
            "text": "Save 20 percent with your Advantage Card on selected Dr Teals",
            "count": 1
          },
          {
            "key": "Save 20 percent with your Advantage Card on selected Oilatum",
            "text": "Save 20 percent with your Advantage Card on selected Oilatum",
            "count": 1
          },
          {
            "key": "Save 25 percent on Gillette Labs With Exfoliating Bar And Heated Razor Blades 10 Refills",
            "text": "Save 25 percent on Gillette Labs With Exfoliating Bar And Heated Razor Blades 10 Refills",
            "count": 1
          },
          {
            "key": "Save 25 percent on selected King Of Shaves",
            "text": "Save 25 percent on selected King Of Shaves",
            "count": 1
          },
          {
            "key": "Save 25 percent with your Advantage Card on selected Eco Warrior",
            "text": "Save 25 percent with your Advantage Card on selected Eco Warrior",
            "count": 1
          },
          {
            "key": "Save 25 percent with your Advantage Card on selected Sanctuary Spa",
            "text": "Save 25 percent with your Advantage Card on selected Sanctuary Spa",
            "count": 1
          },
          {
            "key": "Save 25 percent with your Advantage Card on selected indulgent bathing gift sets",
            "text": "Save 25 percent with your Advantage Card on selected indulgent bathing gift sets",
            "count": 1
          },
          {
            "key": "Save up to 25 percent with your Advantage Card on seleted winter skincare",
            "text": "Save up to 25 percent with your Advantage Card on seleted winter skincare",
            "count": 1
          },
          {
            "key": "Save up to £50 on selected Panasonic Male Grooming - online only",
            "text": "Save up to £50 on selected Panasonic Male Grooming - online only",
            "count": 1
          },
          {
            "key": "Save £1.50 on selected Sure Max Pro",
            "text": "Save £1.50 on selected Sure Max Pro",
            "count": 1
          },
          {
            "key": "Save £2 on selected Gillette Venus",
            "text": "Save £2 on selected Gillette Venus",
            "count": 1
          },
          {
            "key": "Spend £70 on selected Clarins and receive the Double Serum Collection for £55 - online only",
            "text": "Spend £70 on selected Clarins and receive the Double Serum Collection for £55 - online only",
            "count": 1
          },
          {
            "key": "Up to 1/2 price on Kleenex Ultra Soft Extra Long Tissues Single Compact Box 40s",
            "text": "Up to 1/2 price on Kleenex Ultra Soft Extra Long Tissues Single Compact Box 40s",
            "count": 1
          }
        ]
      },
      {
        "key": "product_type",
        "text": "Product type",
        "type": "multiple",
        "elements": [
          {
            "key": "pants",
            "text": "Pants",
            "count": 46
          },
          {
            "key": "shower gel",
            "text": "Shower gel",
            "count": 41
          },
          {
            "key": "deodorant",
            "text": "Deodorant",
            "count": 39
          },
          {
            "key": "anti-perspirant",
            "text": "Anti-perspirant",
            "count": 29
          },
          {
            "key": "toothpaste",
            "text": "Toothpaste",
            "count": 25
          },
          {
            "key": "body wash",
            "text": "Body wash",
            "count": 24
          },
          {
            "key": "sanitary towels",
            "text": "Sanitary towels",
            "count": 24
          },
          {
            "key": "razor",
            "text": "Razor",
            "count": 20
          },
          {
            "key": "gift set",
            "text": "Gift set",
            "count": 18
          },
          {
            "key": "body spray",
            "text": "Body spray",
            "count": 16
          },
          {
            "key": "tissues",
            "text": "Tissues",
            "count": 16
          },
          {
            "key": "face moisturiser",
            "text": "Face moisturiser",
            "count": 15
          },
          {
            "key": "hand wash",
            "text": "Hand wash",
            "count": 15
          },
          {
            "key": "body scrub",
            "text": "Body scrub",
            "count": 13
          },
          {
            "key": "shampoo",
            "text": "Shampoo",
            "count": 13
          },
          {
            "key": "conditioner",
            "text": "Conditioner",
            "count": 12
          },
          {
            "key": "face wash",
            "text": "Face wash",
            "count": 11
          },
          {
            "key": "face serum",
            "text": "Face serum",
            "count": 10
          },
          {
            "key": "panty liners",
            "text": "Panty liners",
            "count": 10
          },
          {
            "key": "period pants",
            "text": "Period pants",
            "count": 10
          },
          {
            "key": "bladder weakness",
            "text": "Bladder weakness",
            "count": 9
          },
          {
            "key": "pads",
            "text": "Pads",
            "count": 9
          },
          {
            "key": "bubble bath",
            "text": "Bubble bath",
            "count": 8
          },
          {
            "key": "cleanser",
            "text": "Cleanser",
            "count": 8
          },
          {
            "key": "face mask",
            "text": "Face mask",
            "count": 8
          },
          {
            "key": "body mist",
            "text": "Body mist",
            "count": 7
          },
          {
            "key": "hair mist",
            "text": "Hair mist",
            "count": 7
          },
          {
            "key": "hair styling",
            "text": "Hair styling",
            "count": 7
          },
          {
            "key": "razor blades",
            "text": "Razor blades",
            "count": 7
          },
          {
            "key": "sun cream",
            "text": "Sun cream",
            "count": 7
          },
          {
            "key": "tampons",
            "text": "Tampons",
            "count": 7
          },
          {
            "key": "bath bomb",
            "text": "Bath bomb",
            "count": 6
          },
          {
            "key": "body butter",
            "text": "Body butter",
            "count": 6
          },
          {
            "key": "body lotion",
            "text": "Body lotion",
            "count": 6
          },
          {
            "key": "mouthwash",
            "text": "Mouthwash",
            "count": 6
          },
          {
            "key": "refill",
            "text": "Refill",
            "count": 6
          },
          {
            "key": "shaving gel",
            "text": "Shaving gel",
            "count": 6
          },
          {
            "key": "whitening kits",
            "text": "Whitening kits",
            "count": 6
          },
          {
            "key": "hair paste",
            "text": "Hair paste",
            "count": 5
          },
          {
            "key": "beard dye",
            "text": "Beard dye",
            "count": 4
          },
          {
            "key": "eye cream",
            "text": "Eye cream",
            "count": 4
          },
          {
            "key": "hair mask",
            "text": "Hair mask",
            "count": 4
          },
          {
            "key": "hair spray",
            "text": "Hair spray",
            "count": 4
          },
          {
            "key": "hand cream",
            "text": "Hand cream",
            "count": 4
          },
          {
            "key": "soap",
            "text": "Soap",
            "count": 4
          },
          {
            "key": "beard oil",
            "text": "Beard oil",
            "count": 3
          },
          {
            "key": "body moisturiser",
            "text": "Body moisturiser",
            "count": 3
          },
          {
            "key": "dry shampoo",
            "text": "Dry shampoo",
            "count": 3
          },
          {
            "key": "hair fibres",
            "text": "Hair fibres",
            "count": 3
          },
          {
            "key": "hair pomade",
            "text": "Hair pomade",
            "count": 3
          },
          {
            "key": "interdental brush",
            "text": "Interdental brush",
            "count": 3
          },
          {
            "key": "liners",
            "text": "Liners",
            "count": 3
          },
          {
            "key": "wash bag",
            "text": "Wash bag",
            "count": 3
          },
          {
            "key": "whitening strips",
            "text": "Whitening strips",
            "count": 3
          },
          {
            "key": "beard wash",
            "text": "Beard wash",
            "count": 2
          },
          {
            "key": "face scrub",
            "text": "Face scrub",
            "count": 2
          },
          {
            "key": "feminine wash",
            "text": "Feminine wash",
            "count": 2
          },
          {
            "key": "foot cream",
            "text": "Foot cream",
            "count": 2
          },
          {
            "key": "hair powder",
            "text": "Hair powder",
            "count": 2
          },
          {
            "key": "hair salt spray",
            "text": "Hair salt spray",
            "count": 2
          },
          {
            "key": "hair wax",
            "text": "Hair wax",
            "count": 2
          },
          {
            "key": "leave in conditioner",
            "text": "Leave in conditioner",
            "count": 2
          },
          {
            "key": "moisturiser",
            "text": "Moisturiser",
            "count": 2
          },
          {
            "key": "shaving foam",
            "text": "Shaving foam",
            "count": 2
          },
          {
            "key": "socks",
            "text": "Socks",
            "count": 2
          },
          {
            "key": "toothbrush",
            "text": "Toothbrush",
            "count": 2
          },
          {
            "key": "bath additive",
            "text": "Bath additive",
            "count": 1
          },
          {
            "key": "bath fizzer",
            "text": "Bath fizzer",
            "count": 1
          },
          {
            "key": "bath oil",
            "text": "Bath oil",
            "count": 1
          },
          {
            "key": "bath salts",
            "text": "Bath salts",
            "count": 1
          },
          {
            "key": "beard balm",
            "text": "Beard balm",
            "count": 1
          },
          {
            "key": "body oil",
            "text": "Body oil",
            "count": 1
          },
          {
            "key": "breath spray",
            "text": "Breath spray",
            "count": 1
          },
          {
            "key": "candle",
            "text": "Candle",
            "count": 1
          },
          {
            "key": "day cream",
            "text": "Day cream",
            "count": 1
          },
          {
            "key": "face brush",
            "text": "Face brush",
            "count": 1
          },
          {
            "key": "face toner",
            "text": "Face toner",
            "count": 1
          },
          {
            "key": "feminine wipes",
            "text": "Feminine wipes",
            "count": 1
          },
          {
            "key": "flossers",
            "text": "Flossers",
            "count": 1
          },
          {
            "key": "foot mask",
            "text": "Foot mask",
            "count": 1
          },
          {
            "key": "hair & body wash",
            "text": "Hair & body wash",
            "count": 1
          },
          {
            "key": "hair gel",
            "text": "Hair gel",
            "count": 1
          },
          {
            "key": "hair mousse",
            "text": "Hair mousse",
            "count": 1
          },
          {
            "key": "hair oil",
            "text": "Hair oil",
            "count": 1
          },
          {
            "key": "hair serum",
            "text": "Hair serum",
            "count": 1
          },
          {
            "key": "hair treatment",
            "text": "Hair treatment",
            "count": 1
          },
          {
            "key": "hat",
            "text": "Hat",
            "count": 1
          },
          {
            "key": "lip balm",
            "text": "Lip balm",
            "count": 1
          },
          {
            "key": "lipscreen",
            "text": "Lipscreen",
            "count": 1
          },
          {
            "key": "make-up brush",
            "text": "Make-up brush",
            "count": 1
          },
          {
            "key": "male grooming set",
            "text": "Male grooming set",
            "count": 1
          },
          {
            "key": "manual toothbrush",
            "text": "Manual toothbrush",
            "count": 1
          },
          {
            "key": "night cream",
            "text": "Night cream",
            "count": 1
          },
          {
            "key": "oils",
            "text": "Oils",
            "count": 1
          },
          {
            "key": "oral rinse",
            "text": "Oral rinse",
            "count": 1
          },
          {
            "key": "permanent hair dye",
            "text": "Permanent hair dye",
            "count": 1
          },
          {
            "key": "post-shave",
            "text": "Post-shave",
            "count": 1
          },
          {
            "key": "shampoo & conditioner",
            "text": "Shampoo & conditioner",
            "count": 1
          },
          {
            "key": "shaving oil",
            "text": "Shaving oil",
            "count": 1
          },
          {
            "key": "skincare",
            "text": "Skincare",
            "count": 1
          }
        ]
      },
      {
        "key": "gender",
        "text": "Gender",
        "type": "multiple",
        "elements": [
          {
            "key": "womens",
            "text": "Womens",
            "count": 117
          },
          {
            "key": "mens",
            "text": "Mens",
            "count": 113
          },
          {
            "key": "unisex",
            "text": "Unisex",
            "count": 66
          },
          {
            "key": "girls",
            "text": "Girls",
            "count": 1
          }
        ]
      },
      {
        "key": "size",
        "text": "Size",
        "type": "multiple",
        "elements": [
          {
            "key": "200",
            "text": "200",
            "count": 6
          },
          {
            "key": "201-499",
            "text": "201-499",
            "count": 47
          },
          {
            "key": "101-150",
            "text": "101-150",
            "count": 36
          },
          {
            "key": "500+",
            "text": "500+",
            "count": 31
          },
          {
            "key": "71-100",
            "text": "71-100",
            "count": 29
          },
          {
            "key": "41-50",
            "text": "41-50",
            "count": 15
          },
          {
            "key": "11-20",
            "text": "11-20",
            "count": 13
          },
          {
            "key": "21-30",
            "text": "21-30",
            "count": 13
          },
          {
            "key": "31-40",
            "text": "31-40",
            "count": 11
          },
          {
            "key": "0-10",
            "text": "0-10",
            "count": 10
          },
          {
            "key": "151-200",
            "text": "151-200",
            "count": 9
          },
          {
            "key": "51-70",
            "text": "51-70",
            "count": 7
          },
          {
            "key": "large",
            "text": "Large",
            "count": 5
          },
          {
            "key": "medium",
            "text": "Medium",
            "count": 5
          },
          {
            "key": "small",
            "text": "Small",
            "count": 5
          },
          {
            "key": "extra large",
            "text": "Extra large",
            "count": 4
          },
          {
            "key": "extra small",
            "text": "Extra small",
            "count": 1
          }
        ]
      },
      {
        "key": "gift_type",
        "text": "Gift type",
        "type": "multiple",
        "elements": [
          {
            "key": "bath & body gifts",
            "text": "Bath & body gifts",
            "count": 17
          },
          {
            "key": "grooming gifts",
            "text": "Grooming gifts",
            "count": 5
          },
          {
            "key": "star gifts",
            "text": "Star gifts",
            "count": 4
          },
          {
            "key": "teen gifts",
            "text": "Teen gifts",
            "count": 4
          },
          {
            "key": "skincare gifts",
            "text": "Skincare gifts",
            "count": 2
          },
          {
            "key": "advent calendars",
            "text": "Advent calendars",
            "count": 1
          },
          {
            "key": "beauty gift sets",
            "text": "Beauty gift sets",
            "count": 1
          },
          {
            "key": "gift experience",
            "text": "Gift experience",
            "count": 1
          },
          {
            "key": "hair gifts",
            "text": "Hair gifts",
            "count": 1
          },
          {
            "key": "home & lifestyle gifts",
            "text": "Home & lifestyle gifts",
            "count": 1
          },
          {
            "key": "pyjamas & accessories",
            "text": "Pyjamas & accessories",
            "count": 1
          },
          {
            "key": "sleep gifts",
            "text": "Sleep gifts",
            "count": 1
          }
        ]
      },
      {
        "key": "recipient",
        "text": "Recipient",
        "type": "multiple",
        "elements": [
          {
            "key": "gifts for women",
            "text": "Gifts for women",
            "count": 9
          },
          {
            "key": "gifts for teens",
            "text": "Gifts for teens",
            "count": 4
          },
          {
            "key": "gifts for men",
            "text": "Gifts for men",
            "count": 3
          },
          {
            "key": "secret santa",
            "text": "Secret santa",
            "count": 3
          }
        ]
      },
      {
        "key": "skin_type",
        "text": "Skin type",
        "type": "multiple",
        "elements": [
          {
            "key": "all skin types",
            "text": "All skin types",
            "count": 232
          },
          {
            "key": "sensitive skin",
            "text": "Sensitive skin",
            "count": 19
          },
          {
            "key": "dry skin",
            "text": "Dry skin",
            "count": 5
          },
          {
            "key": "dull skin",
            "text": "Dull skin",
            "count": 3
          },
          {
            "key": "combination skin",
            "text": "Combination skin",
            "count": 2
          },
          {
            "key": "blemish prone skin",
            "text": "Blemish prone skin",
            "count": 1
          },
          {
            "key": "normal skin",
            "text": "Normal skin",
            "count": 1
          },
          {
            "key": "oily skin",
            "text": "Oily skin",
            "count": 1
          }
        ]
      },
      {
        "key": "spf",
        "text": "Spf",
        "type": "multiple",
        "elements": [
          {
            "key": "spf 50+",
            "text": "Spf 50+",
            "count": 5
          },
          {
            "key": "spf 30",
            "text": "Spf 30",
            "count": 2
          },
          {
            "key": "spf 15",
            "text": "Spf 15",
            "count": 1
          }
        ]
      },
      {
        "key": "key_features",
        "text": "Key features",
        "type": "multiple",
        "elements": [
          {
            "key": "cruelty-free",
            "text": "Cruelty-free",
            "count": 55
          },
          {
            "key": "freshening",
            "text": "Freshening",
            "count": 30
          },
          {
            "key": "dermatologically tested",
            "text": "Dermatologically tested",
            "count": 27
          },
          {
            "key": "moisturising",
            "text": "Moisturising",
            "count": 22
          },
          {
            "key": "whitening",
            "text": "Whitening",
            "count": 19
          },
          {
            "key": "cleansing",
            "text": "Cleansing",
            "count": 18
          },
          {
            "key": "hydrating",
            "text": "Hydrating",
            "count": 17
          },
          {
            "key": "hypoallergenic",
            "text": "Hypoallergenic",
            "count": 17
          },
          {
            "key": "once-a-day",
            "text": "Once-a-day",
            "count": 16
          },
          {
            "key": "protecting",
            "text": "Protecting",
            "count": 16
          },
          {
            "key": "with wings",
            "text": "With wings",
            "count": 14
          },
          {
            "key": "ultra soft",
            "text": "Ultra soft",
            "count": 13
          },
          {
            "key": "without wings",
            "text": "Without wings",
            "count": 13
          },
          {
            "key": "soothing",
            "text": "Soothing",
            "count": 12
          },
          {
            "key": "long lasting",
            "text": "Long lasting",
            "count": 10
          },
          {
            "key": "scented",
            "text": "Scented",
            "count": 10
          },
          {
            "key": "anti-bacterial",
            "text": "Anti-bacterial",
            "count": 9
          },
          {
            "key": "refreshing",
            "text": "Refreshing",
            "count": 9
          },
          {
            "key": "stain removal",
            "text": "Stain removal",
            "count": 9
          },
          {
            "key": "thickening",
            "text": "Thickening",
            "count": 9
          },
          {
            "key": "enamel repair",
            "text": "Enamel repair",
            "count": 8
          },
          {
            "key": "non-greasy",
            "text": "Non-greasy",
            "count": 8
          },
          {
            "key": "energising",
            "text": "Energising",
            "count": 6
          },
          {
            "key": "exfoliating",
            "text": "Exfoliating",
            "count": 6
          },
          {
            "key": "applicator",
            "text": "Applicator",
            "count": 5
          },
          {
            "key": "colouring",
            "text": "Colouring",
            "count": 5
          },
          {
            "key": "deep cleansing",
            "text": "Deep cleansing",
            "count": 5
          },
          {
            "key": "invisible",
            "text": "Invisible",
            "count": 5
          },
          {
            "key": "non-applicator",
            "text": "Non-applicator",
            "count": 5
          },
          {
            "key": "relaxing",
            "text": "Relaxing",
            "count": 5
          },
          {
            "key": "texturising",
            "text": "Texturising",
            "count": 5
          },
          {
            "key": "anti-ageing",
            "text": "Anti-ageing",
            "count": 4
          },
          {
            "key": "biodegradable",
            "text": "Biodegradable",
            "count": 4
          },
          {
            "key": "non-irritating",
            "text": "Non-irritating",
            "count": 4
          },
          {
            "key": "organic",
            "text": "Organic",
            "count": 4
          },
          {
            "key": "plastic-free",
            "text": "Plastic-free",
            "count": 4
          },
          {
            "key": "softening",
            "text": "Softening",
            "count": 4
          },
          {
            "key": "multipack",
            "text": "Multipack",
            "count": 3
          },
          {
            "key": "conditioning",
            "text": "Conditioning",
            "count": 2
          },
          {
            "key": "night",
            "text": "Night",
            "count": 2
          },
          {
            "key": "nourishing",
            "text": "Nourishing",
            "count": 2
          },
          {
            "key": "smoothing",
            "text": "Smoothing",
            "count": 2
          },
          {
            "key": "strengthening",
            "text": "Strengthening",
            "count": 2
          },
          {
            "key": "water resistant",
            "text": "Water resistant",
            "count": 2
          },
          {
            "key": "anti-blemish",
            "text": "Anti-blemish",
            "count": 1
          },
          {
            "key": "anti-fatigue",
            "text": "Anti-fatigue",
            "count": 1
          },
          {
            "key": "clarifying",
            "text": "Clarifying",
            "count": 1
          },
          {
            "key": "cordless",
            "text": "Cordless",
            "count": 1
          },
          {
            "key": "firming",
            "text": "Firming",
            "count": 1
          },
          {
            "key": "lightweight",
            "text": "Lightweight",
            "count": 1
          },
          {
            "key": "recyclable packaging",
            "text": "Recyclable packaging",
            "count": 1
          },
          {
            "key": "repairing",
            "text": "Repairing",
            "count": 1
          },
          {
            "key": "sun protection",
            "text": "Sun protection",
            "count": 1
          },
          {
            "key": "travel-size",
            "text": "Travel-size",
            "count": 1
          },
          {
            "key": "volumising",
            "text": "Volumising",
            "count": 1
          },
          {
            "key": "wet & dry",
            "text": "Wet & dry",
            "count": 1
          }
        ]
      },
      {
        "key": "body_area",
        "text": "Body area",
        "type": "multiple",
        "elements": [
          {
            "key": "body",
            "text": "Body",
            "count": 151
          },
          {
            "key": "face",
            "text": "Face",
            "count": 76
          },
          {
            "key": "hair",
            "text": "Hair",
            "count": 29
          },
          {
            "key": "hand",
            "text": "Hand",
            "count": 7
          },
          {
            "key": "head",
            "text": "Head",
            "count": 5
          },
          {
            "key": "beard",
            "text": "Beard",
            "count": 4
          },
          {
            "key": "eye",
            "text": "Eye",
            "count": 2
          },
          {
            "key": "bikini",
            "text": "Bikini",
            "count": 1
          },
          {
            "key": "feet",
            "text": "Feet",
            "count": 1
          },
          {
            "key": "lip",
            "text": "Lip",
            "count": 1
          }
        ]
      },
      {
        "key": "format",
        "text": "Format",
        "type": "multiple",
        "elements": [
          {
            "key": "liquid",
            "text": "Liquid",
            "count": 78
          },
          {
            "key": "spray",
            "text": "Spray",
            "count": 45
          },
          {
            "key": "cream",
            "text": "Cream",
            "count": 33
          },
          {
            "key": "gel",
            "text": "Gel",
            "count": 33
          },
          {
            "key": "aerosol",
            "text": "Aerosol",
            "count": 25
          },
          {
            "key": "paste",
            "text": "Paste",
            "count": 19
          },
          {
            "key": "foam",
            "text": "Foam",
            "count": 11
          },
          {
            "key": "stick",
            "text": "Stick",
            "count": 10
          },
          {
            "key": "balm",
            "text": "Balm",
            "count": 7
          },
          {
            "key": "roll-on",
            "text": "Roll-on",
            "count": 6
          },
          {
            "key": "serum",
            "text": "Serum",
            "count": 6
          },
          {
            "key": "mask",
            "text": "Mask",
            "count": 5
          },
          {
            "key": "oil",
            "text": "Oil",
            "count": 5
          },
          {
            "key": "clay",
            "text": "Clay",
            "count": 4
          },
          {
            "key": "fibres",
            "text": "Fibres",
            "count": 4
          },
          {
            "key": "lotion",
            "text": "Lotion",
            "count": 4
          },
          {
            "key": "powder",
            "text": "Powder",
            "count": 4
          },
          {
            "key": "scrub",
            "text": "Scrub",
            "count": 4
          },
          {
            "key": "wipes",
            "text": "Wipes",
            "count": 4
          },
          {
            "key": "cleaner",
            "text": "Cleaner",
            "count": 3
          },
          {
            "key": "mist",
            "text": "Mist",
            "count": 3
          },
          {
            "key": "pen",
            "text": "Pen",
            "count": 3
          },
          {
            "key": "strip",
            "text": "Strip",
            "count": 3
          },
          {
            "key": "wash",
            "text": "Wash",
            "count": 3
          },
          {
            "key": "wax",
            "text": "Wax",
            "count": 3
          },
          {
            "key": "sachet",
            "text": "Sachet",
            "count": 2
          },
          {
            "key": "bar",
            "text": "Bar",
            "count": 1
          },
          {
            "key": "loose powder",
            "text": "Loose powder",
            "count": 1
          }
        ]
      },
      {
        "key": "suitable_from",
        "text": "Suitable from",
        "type": "multiple",
        "elements": [
          {
            "key": "6 years",
            "text": "6 years",
            "count": 6
          }
        ]
      },
      {
        "key": "fragrance_type",
        "text": "Fragrance type",
        "type": "multiple",
        "elements": [
          {
            "key": "aftershave",
            "text": "Aftershave",
            "count": 1
          }
        ]
      },
      {
        "key": "free_from",
        "text": "Free from",
        "type": "multiple",
        "elements": [
          {
            "key": "paraben-free",
            "text": "Paraben-free",
            "count": 82
          },
          {
            "key": "fragrance-free",
            "text": "Fragrance-free",
            "count": 45
          },
          {
            "key": "sulphate-free",
            "text": "Sulphate-free",
            "count": 30
          },
          {
            "key": "alcohol-free",
            "text": "Alcohol-free",
            "count": 25
          },
          {
            "key": "aluminium-free",
            "text": "Aluminium-free",
            "count": 23
          },
          {
            "key": "silicone-free",
            "text": "Silicone-free",
            "count": 17
          },
          {
            "key": "talc-free",
            "text": "Talc-free",
            "count": 11
          },
          {
            "key": "sugar-free",
            "text": "Sugar-free",
            "count": 10
          },
          {
            "key": "oil-free",
            "text": "Oil-free",
            "count": 7
          },
          {
            "key": "hormone-free",
            "text": "Hormone-free",
            "count": 4
          },
          {
            "key": "latex-free",
            "text": "Latex-free",
            "count": 4
          },
          {
            "key": "preservatives-free",
            "text": "Preservatives-free",
            "count": 4
          },
          {
            "key": "mineral oil-free",
            "text": "Mineral oil-free",
            "count": 1
          },
          {
            "key": "nut-free",
            "text": "Nut-free",
            "count": 1
          }
        ]
      },
      {
        "key": "age_range",
        "text": "Age range",
        "type": "multiple",
        "elements": [
          {
            "key": "13+ years",
            "text": "13+ years",
            "count": 2
          }
        ]
      },
      {
        "key": "suitable_for",
        "text": "Suitable for",
        "type": "multiple",
        "elements": [
          {
            "key": "vegan",
            "text": "Vegan",
            "count": 153
          },
          {
            "key": "adults",
            "text": "Adults",
            "count": 8
          },
          {
            "key": "kids",
            "text": "Kids",
            "count": 7
          },
          {
            "key": "vegetarian",
            "text": "Vegetarian",
            "count": 4
          },
          {
            "key": "pregnancy",
            "text": "Pregnancy",
            "count": 2
          },
          {
            "key": "teens",
            "text": "Teens",
            "count": 2
          },
          {
            "key": "baby",
            "text": "Baby",
            "count": 1
          },
          {
            "key": "toddler",
            "text": "Toddler",
            "count": 1
          }
        ]
      },
      {
        "key": "hair_type",
        "text": "Hair type",
        "type": "multiple",
        "elements": [
          {
            "key": "dry",
            "text": "Dry",
            "count": 3
          },
          {
            "key": "greasy",
            "text": "Greasy",
            "count": 2
          },
          {
            "key": "damaged",
            "text": "Damaged",
            "count": 1
          },
          {
            "key": "normal",
            "text": "Normal",
            "count": 1
          }
        ]
      },
      {
        "key": "condition",
        "text": "Condition",
        "type": "multiple",
        "elements": [
          {
            "key": "bad breath",
            "text": "Bad breath",
            "count": 9
          },
          {
            "key": "sensitive teeth",
            "text": "Sensitive teeth",
            "count": 6
          },
          {
            "key": "bleeding gums",
            "text": "Bleeding gums",
            "count": 4
          },
          {
            "key": "pigmentation",
            "text": "Pigmentation",
            "count": 4
          },
          {
            "key": "vaginal dryness",
            "text": "Vaginal dryness",
            "count": 4
          },
          {
            "key": "excessive perspiration",
            "text": "Excessive perspiration",
            "count": 3
          },
          {
            "key": "dry skin",
            "text": "Dry skin",
            "count": 2
          },
          {
            "key": "itching",
            "text": "Itching",
            "count": 2
          },
          {
            "key": "spots & blemishes",
            "text": "Spots & blemishes",
            "count": 2
          },
          {
            "key": "dandruff",
            "text": "Dandruff",
            "count": 1
          },
          {
            "key": "eczema",
            "text": "Eczema",
            "count": 1
          },
          {
            "key": "eczema-prone skin",
            "text": "Eczema-prone skin",
            "count": 1
          },
          {
            "key": "foot odour",
            "text": "Foot odour",
            "count": 1
          },
          {
            "key": "redness",
            "text": "Redness",
            "count": 1
          }
        ]
      },
      {
        "key": "category",
        "text": "Category",
        "type": "hierarchy",
        "elements": [
          {
            "key": "new in",
            "text": "New in",
            "count": 570,
            "children": [
              {
                "key": "new in toiletries",
                "text": "New in toiletries",
                "count": 570
              },
              {
                "key": "new in luxury bath & body",
                "text": "New in luxury bath & body",
                "count": 44
              },
              {
                "key": "new in health",
                "text": "New in health",
                "count": 29
              },
              {
                "key": "new in beauty & skincare",
                "text": "New in beauty & skincare",
                "count": 25
              },
              {
                "key": "new brands",
                "text": "New brands",
                "count": 8
              },
              {
                "key": "new in premium beauty & skincare",
                "text": "New in premium beauty & skincare",
                "count": 4
              },
              {
                "key": "new in footcare",
                "text": "New in footcare",
                "count": 2
              },
              {
                "key": "new in hair",
                "text": "New in hair",
                "count": 2
              },
              {
                "key": "new in electrical",
                "text": "New in electrical",
                "count": 1
              },
              {
                "key": "new in wellness",
                "text": "New in wellness",
                "count": 1
              }
            ]
          },
          {
            "key": "toiletries",
            "text": "Toiletries",
            "count": 570,
            "children": [
              {
                "key": "new in toiletries",
                "text": "New in toiletries",
                "count": 570
              },
              {
                "key": "men's toiletries",
                "text": "Men's toiletries",
                "count": 184,
                "children": [
                  {
                    "key": "men's skincare & body",
                    "text": "Men's skincare & body",
                    "count": 65
                  },
                  {
                    "key": "shaving & grooming",
                    "text": "Shaving & grooming",
                    "count": 53,
                    "children": [
                      {
                        "key": "beard care",
                        "text": "Beard care",
                        "count": 15
                      },
                      {
                        "key": "men's razors & blades",
                        "text": "Men's razors & blades",
                        "count": 14
                      },
                      {
                        "key": "razor blades",
                        "text": "Razor blades",
                        "count": 14
                      },
                      {
                        "key": "shaving foams & pre-shave",
                        "text": "Shaving foams & pre-shave",
                        "count": 6
                      },
                      {
                        "key": "post shave",
                        "text": "Post shave",
                        "count": 3
                      }
                    ]
                  },
                  {
                    "key": "washing & bathing",
                    "text": "Washing & bathing",
                    "count": 37
                  },
                  {
                    "key": "deodorants & antiperspirants",
                    "text": "Deodorants & antiperspirants",
                    "count": 32
                  },
                  {
                    "key": "men's hair",
                    "text": "Men's hair",
                    "count": 32
                  },
                  {
                    "key": "hair loss",
                    "text": "Hair loss",
                    "count": 8,
                    "children": [
                      {
                        "key": "Mens Hair Loss",
                        "text": "Mens Hair Loss",
                        "count": 8
                      },
                      {
                        "key": "hair loss treatments",
                        "text": "Hair loss treatments",
                        "count": 8
                      }
                    ]
                  },
                  {
                    "key": "men's gift sets",
                    "text": "Men's gift sets",
                    "count": 8
                  },
                  {
                    "key": "men's value packs & bundles",
                    "text": "Men's value packs & bundles",
                    "count": 7
                  }
                ]
              },
              {
                "key": "bathroom essentials",
                "text": "Bathroom essentials",
                "count": 133,
                "children": [
                  {
                    "key": "shower gel",
                    "text": "Shower gel",
                    "count": 72
                  },
                  {
                    "key": "soap & hand wash",
                    "text": "Soap & hand wash",
                    "count": 26
                  },
                  {
                    "key": "bubble bath & oil",
                    "text": "Bubble bath & oil",
                    "count": 20
                  },
                  {
                    "key": "tissues wipes & sanitisers",
                    "text": "Tissues wipes & sanitisers",
                    "count": 17
                  },
                  {
                    "key": "baby & child toiletries",
                    "text": "Baby & child toiletries",
                    "count": 15
                  },
                  {
                    "key": "body scrub",
                    "text": "Body scrub",
                    "count": 9
                  },
                  {
                    "key": "bath bombs & fizzers",
                    "text": "Bath bombs & fizzers",
                    "count": 7
                  }
                ]
              },
              {
                "key": "toiletries offers",
                "text": "Toiletries offers",
                "count": 121
              },
              {
                "key": "skincare",
                "text": "Skincare",
                "count": 118,
                "children": [
                  {
                    "key": "men's skincare & body",
                    "text": "Men's skincare & body",
                    "count": 65
                  },
                  {
                    "key": "body skincare",
                    "text": "Body skincare",
                    "count": 32,
                    "children": [
                      {
                        "key": "gift sets",
                        "text": "Gift sets",
                        "count": 14
                      },
                      {
                        "key": "body lotion",
                        "text": "Body lotion",
                        "count": 11
                      },
                      {
                        "key": "shop all body skincare",
                        "text": "Shop all body skincare",
                        "count": 9
                      },
                      {
                        "key": "body butter",
                        "text": "Body butter",
                        "count": 7
                      },
                      {
                        "key": "body scrub & exfoliator",
                        "text": "Body scrub & exfoliator",
                        "count": 5
                      },
                      {
                        "key": "hand cream & lotion",
                        "text": "Hand cream & lotion",
                        "count": 3
                      }
                    ]
                  },
                  {
                    "key": "all skincare",
                    "text": "All skincare",
                    "count": 31
                  },
                  {
                    "key": "facial skincare",
                    "text": "Facial skincare",
                    "count": 10,
                    "children": [
                      {
                        "key": "face masks",
                        "text": "Face masks",
                        "count": 3
                      },
                      {
                        "key": "face moisturiser",
                        "text": "Face moisturiser",
                        "count": 3
                      },
                      {
                        "key": "face cleanser",
                        "text": "Face cleanser",
                        "count": 2
                      }
                    ]
                  },
                  {
                    "key": "female hair removal",
                    "text": "Female hair removal",
                    "count": 7,
                    "children": [
                      {
                        "key": "women's razors & blades",
                        "text": "Women's razors & blades",
                        "count": 6
                      },
                      {
                        "key": "Shop all",
                        "text": "Shop all",
                        "count": 5
                      }
                    ]
                  }
                ]
              },
              {
                "key": "period products",
                "text": "Period products",
                "count": 112,
                "children": [
                  {
                    "key": "female incontinence",
                    "text": "Female incontinence",
                    "count": 71,
                    "children": [
                      {
                        "key": "pants",
                        "text": "Pants",
                        "count": 46
                      },
                      {
                        "key": "female incontinence pads",
                        "text": "Female incontinence pads",
                        "count": 6
                      }
                    ]
                  },
                  {
                    "key": "period pants",
                    "text": "Period pants",
                    "count": 54
                  },
                  {
                    "key": "bladder weakness",
                    "text": "Bladder weakness",
                    "count": 53
                  },
                  {
                    "key": "sanitary pads",
                    "text": "Sanitary pads",
                    "count": 36
                  },
                  {
                    "key": "panty liners",
                    "text": "Panty liners",
                    "count": 21
                  },
                  {
                    "key": "tampons",
                    "text": "Tampons",
                    "count": 10
                  }
                ]
              },
              {
                "key": "hair",
                "text": "Hair",
                "count": 75,
                "children": [
                  {
                    "key": "all hair",
                    "text": "All hair",
                    "count": 49
                  },
                  {
                    "key": "men's hair",
                    "text": "Men's hair",
                    "count": 32
                  },
                  {
                    "key": "conditioner",
                    "text": "Conditioner",
                    "count": 13
                  },
                  {
                    "key": "hair styling",
                    "text": "Hair styling",
                    "count": 12,
                    "children": [
                      {
                        "key": "hair putty cream & paste",
                        "text": "Hair putty cream & paste",
                        "count": 3
                      },
                      {
                        "key": "refresh and style",
                        "text": "Refresh and style",
                        "count": 2
                      },
                      {
                        "key": "sea salt sprays",
                        "text": "Sea salt sprays",
                        "count": 2
                      }
                    ]
                  },
                  {
                    "key": "curls kinks and coils",
                    "text": "Curls kinks and coils",
                    "count": 11,
                    "children": [
                      {
                        "key": "curly hair",
                        "text": "Curly hair",
                        "count": 10
                      },
                      {
                        "key": "wavy hair",
                        "text": "Wavy hair",
                        "count": 9
                      },
                      {
                        "key": "coily hair",
                        "text": "Coily hair",
                        "count": 8
                      },
                      {
                        "key": "shop all curls kinks and coils hair",
                        "text": "Shop all curls kinks and coils hair",
                        "count": 3
                      }
                    ]
                  },
                  {
                    "key": "hair treatments and masks",
                    "text": "Hair treatments and masks",
                    "count": 11,
                    "children": [
                      {
                        "key": "hair masks",
                        "text": "Hair masks",
                        "count": 6
                      },
                      {
                        "key": "leave in conditioner",
                        "text": "Leave in conditioner",
                        "count": 3
                      },
                      {
                        "key": "hair serums",
                        "text": "Hair serums",
                        "count": 2
                      }
                    ]
                  },
                  {
                    "key": "shampoo",
                    "text": "Shampoo",
                    "count": 10
                  },
                  {
                    "key": "premium hair",
                    "text": "Premium hair",
                    "count": 9
                  }
                ]
              },
              {
                "key": "incontinence",
                "text": "Incontinence",
                "count": 71,
                "children": [
                  {
                    "key": "female incontinence",
                    "text": "Female incontinence",
                    "count": 71,
                    "children": [
                      {
                        "key": "pants",
                        "text": "Pants",
                        "count": 46
                      },
                      {
                        "key": "female incontinence pads",
                        "text": "Female incontinence pads",
                        "count": 6
                      }
                    ]
                  },
                  {
                    "key": "bladder weakness",
                    "text": "Bladder weakness",
                    "count": 53
                  },
                  {
                    "key": "pants",
                    "text": "Pants",
                    "count": 46
                  },
                  {
                    "key": "incontinence pads",
                    "text": "Incontinence pads",
                    "count": 11
                  }
                ]
              },
              {
                "key": "luxury bath & body",
                "text": "Luxury bath & body",
                "count": 56,
                "children": [
                  {
                    "key": "new in luxury bath & body",
                    "text": "New in luxury bath & body",
                    "count": 44
                  },
                  {
                    "key": "all luxury bath & body",
                    "text": "All luxury bath & body",
                    "count": 20
                  },
                  {
                    "key": "gifts",
                    "text": "Gifts",
                    "count": 6
                  }
                ]
              },
              {
                "key": "dental",
                "text": "Dental",
                "count": 55,
                "children": [
                  {
                    "key": "teeth whitening",
                    "text": "Teeth whitening",
                    "count": 28
                  },
                  {
                    "key": "toothpaste",
                    "text": "Toothpaste",
                    "count": 28
                  },
                  {
                    "key": "oral health",
                    "text": "Oral health",
                    "count": 11
                  },
                  {
                    "key": "mouthwash",
                    "text": "Mouthwash",
                    "count": 7
                  },
                  {
                    "key": "toothbrushes",
                    "text": "Toothbrushes",
                    "count": 6
                  }
                ]
              },
              {
                "key": "deodorants & antiperspirants",
                "text": "Deodorants & antiperspirants",
                "count": 41
              },
              {
                "key": "toiletries value packs & bundles",
                "text": "Toiletries value packs & bundles",
                "count": 11
              },
              {
                "key": "female hair removal",
                "text": "Female hair removal",
                "count": 7,
                "children": [
                  {
                    "key": "women's razors & blades",
                    "text": "Women's razors & blades",
                    "count": 6
                  }
                ]
              },
              {
                "key": "suncare",
                "text": "Suncare",
                "count": 7,
                "children": [
                  {
                    "key": "sun cream",
                    "text": "Sun cream",
                    "count": 7
                  }
                ]
              },
              {
                "key": "travel toiletries",
                "text": "Travel toiletries",
                "count": 3
              },
              {
                "key": "fake & gradual tan",
                "text": "Fake & gradual tan",
                "count": 1
              }
            ]
          },
          {
            "key": "beauty & skincare",
            "text": "Beauty & skincare",
            "count": 204,
            "children": [
              {
                "key": "skincare",
                "text": "Skincare",
                "count": 118,
                "children": [
                  {
                    "key": "men's skincare & body",
                    "text": "Men's skincare & body",
                    "count": 65
                  },
                  {
                    "key": "body skincare",
                    "text": "Body skincare",
                    "count": 32,
                    "children": [
                      {
                        "key": "gift sets",
                        "text": "Gift sets",
                        "count": 14
                      },
                      {
                        "key": "body lotion",
                        "text": "Body lotion",
                        "count": 11
                      },
                      {
                        "key": "shop all body skincare",
                        "text": "Shop all body skincare",
                        "count": 9
                      },
                      {
                        "key": "body butter",
                        "text": "Body butter",
                        "count": 7
                      },
                      {
                        "key": "body scrub & exfoliator",
                        "text": "Body scrub & exfoliator",
                        "count": 5
                      },
                      {
                        "key": "hand cream & lotion",
                        "text": "Hand cream & lotion",
                        "count": 3
                      }
                    ]
                  },
                  {
                    "key": "all skincare",
                    "text": "All skincare",
                    "count": 31
                  },
                  {
                    "key": "facial skincare",
                    "text": "Facial skincare",
                    "count": 10,
                    "children": [
                      {
                        "key": "face masks",
                        "text": "Face masks",
                        "count": 3
                      },
                      {
                        "key": "face moisturiser",
                        "text": "Face moisturiser",
                        "count": 3
                      },
                      {
                        "key": "face cleanser",
                        "text": "Face cleanser",
                        "count": 2
                      }
                    ]
                  },
                  {
                    "key": "female hair removal",
                    "text": "Female hair removal",
                    "count": 7,
                    "children": [
                      {
                        "key": "women's razors & blades",
                        "text": "Women's razors & blades",
                        "count": 6
                      },
                      {
                        "key": "Shop all",
                        "text": "Shop all",
                        "count": 5
                      }
                    ]
                  }
                ]
              },
              {
                "key": "hair",
                "text": "Hair",
                "count": 75,
                "children": [
                  {
                    "key": "all hair",
                    "text": "All hair",
                    "count": 49
                  },
                  {
                    "key": "men's hair",
                    "text": "Men's hair",
                    "count": 32
                  },
                  {
                    "key": "conditioner",
                    "text": "Conditioner",
                    "count": 13
                  },
                  {
                    "key": "hair styling",
                    "text": "Hair styling",
                    "count": 12,
                    "children": [
                      {
                        "key": "hair putty cream & paste",
                        "text": "Hair putty cream & paste",
                        "count": 3
                      },
                      {
                        "key": "refresh and style",
                        "text": "Refresh and style",
                        "count": 2
                      },
                      {
                        "key": "sea salt sprays",
                        "text": "Sea salt sprays",
                        "count": 2
                      },
                      {
                        "key": "curl creams",
                        "text": "Curl creams",
                        "count": 1
                      },
                      {
                        "key": "hair mousse",
                        "text": "Hair mousse",
                        "count": 1
                      },
                      {
                        "key": "hair serum",
                        "text": "Hair serum",
                        "count": 1
                      },
                      {
                        "key": "hair wax",
                        "text": "Hair wax",
                        "count": 1
                      },
                      {
                        "key": "premium & professional hair styling",
                        "text": "Premium & professional hair styling",
                        "count": 1
                      }
                    ]
                  },
                  {
                    "key": "curls kinks and coils",
                    "text": "Curls kinks and coils",
                    "count": 11,
                    "children": [
                      {
                        "key": "curly hair",
                        "text": "Curly hair",
                        "count": 10
                      },
                      {
                        "key": "wavy hair",
                        "text": "Wavy hair",
                        "count": 9
                      },
                      {
                        "key": "coily hair",
                        "text": "Coily hair",
                        "count": 8
                      },
                      {
                        "key": "shop all curls kinks and coils hair",
                        "text": "Shop all curls kinks and coils hair",
                        "count": 3
                      },
                      {
                        "key": "straight hair",
                        "text": "Straight hair",
                        "count": 1
                      }
                    ]
                  },
                  {
                    "key": "hair treatments and masks",
                    "text": "Hair treatments and masks",
                    "count": 11,
                    "children": [
                      {
                        "key": "hair masks",
                        "text": "Hair masks",
                        "count": 6
                      },
                      {
                        "key": "leave in conditioner",
                        "text": "Leave in conditioner",
                        "count": 3
                      },
                      {
                        "key": "hair serums",
                        "text": "Hair serums",
                        "count": 2
                      },
                      {
                        "key": "anti dandruff shampoo",
                        "text": "Anti dandruff shampoo",
                        "count": 1
                      },
                      {
                        "key": "dry hair",
                        "text": "Dry hair",
                        "count": 1
                      }
                    ]
                  },
                  {
                    "key": "shampoo",
                    "text": "Shampoo",
                    "count": 10
                  },
                  {
                    "key": "premium hair",
                    "text": "Premium hair",
                    "count": 9
                  }
                ]
              },
              {
                "key": "new in beauty & skincare",
                "text": "New in beauty & skincare",
                "count": 25
              },
              {
                "key": "premium beauty & skincare",
                "text": "Premium beauty & skincare",
                "count": 14,
                "children": [
                  {
                    "key": "premium beauty offers",
                    "text": "Premium beauty offers",
                    "count": 11
                  },
                  {
                    "key": "premium hair",
                    "text": "Premium hair",
                    "count": 9
                  }
                ]
              },
              {
                "key": "vegan beauty",
                "text": "Vegan beauty",
                "count": 13
              },
              {
                "key": "trending on social",
                "text": "Trending on social",
                "count": 10
              },
              {
                "key": "top 10",
                "text": "Top 10",
                "count": 1
              }
            ]
          },
          {
            "key": "men's",
            "text": "Men's",
            "count": 184,
            "children": [
              {
                "key": "men's toiletries",
                "text": "Men's toiletries",
                "count": 184,
                "children": [
                  {
                    "key": "men's skincare & body",
                    "text": "Men's skincare & body",
                    "count": 65
                  },
                  {
                    "key": "shaving & grooming",
                    "text": "Shaving & grooming",
                    "count": 53,
                    "children": [
                      {
                        "key": "beard care",
                        "text": "Beard care",
                        "count": 15
                      },
                      {
                        "key": "men's razors & blades",
                        "text": "Men's razors & blades",
                        "count": 14
                      },
                      {
                        "key": "razor blades",
                        "text": "Razor blades",
                        "count": 14
                      },
                      {
                        "key": "shaving foams & pre-shave",
                        "text": "Shaving foams & pre-shave",
                        "count": 6
                      },
                      {
                        "key": "post shave",
                        "text": "Post shave",
                        "count": 3
                      }
                    ]
                  },
                  {
                    "key": "washing & bathing",
                    "text": "Washing & bathing",
                    "count": 37
                  },
                  {
                    "key": "deodorants & antiperspirants",
                    "text": "Deodorants & antiperspirants",
                    "count": 32
                  },
                  {
                    "key": "men's hair",
                    "text": "Men's hair",
                    "count": 32
                  },
                  {
                    "key": "hair loss",
                    "text": "Hair loss",
                    "count": 8,
                    "children": [
                      {
                        "key": "Mens Hair Loss",
                        "text": "Mens Hair Loss",
                        "count": 8
                      },
                      {
                        "key": "hair loss treatments",
                        "text": "Hair loss treatments",
                        "count": 8
                      }
                    ]
                  },
                  {
                    "key": "men's gift sets",
                    "text": "Men's gift sets",
                    "count": 8
                  },
                  {
                    "key": "men's value packs & bundles",
                    "text": "Men's value packs & bundles",
                    "count": 7
                  }
                ]
              },
              {
                "key": "men's skincare & body",
                "text": "Men's skincare & body",
                "count": 65
              },
              {
                "key": "shaving & grooming",
                "text": "Shaving & grooming",
                "count": 53,
                "children": [
                  {
                    "key": "beard care",
                    "text": "Beard care",
                    "count": 15
                  },
                  {
                    "key": "men's razors & blades",
                    "text": "Men's razors & blades",
                    "count": 14
                  },
                  {
                    "key": "razor blades",
                    "text": "Razor blades",
                    "count": 14
                  },
                  {
                    "key": "shaving foams & pre-shave",
                    "text": "Shaving foams & pre-shave",
                    "count": 6
                  }
                ]
              },
              {
                "key": "new in men's",
                "text": "New in men's",
                "count": 43
              },
              {
                "key": "men's gift sets",
                "text": "Men's gift sets",
                "count": 8
              },
              {
                "key": "men's health",
                "text": "Men's health",
                "count": 8,
                "children": [
                  {
                    "key": "hair loss",
                    "text": "Hair loss",
                    "count": 8,
                    "children": [
                      {
                        "key": "Mens Hair Loss",
                        "text": "Mens Hair Loss",
                        "count": 8
                      },
                      {
                        "key": "hair loss treatments",
                        "text": "Hair loss treatments",
                        "count": 8
                      }
                    ]
                  }
                ]
              },
              {
                "key": "men's value packs & bundles",
                "text": "Men's value packs & bundles",
                "count": 7
              },
              {
                "key": "male grooming tools",
                "text": "Male grooming tools",
                "count": 1
              }
            ]
          },
          {
            "key": "health & pharmacy",
            "text": "Health & pharmacy",
            "count": 175,
            "children": [
              {
                "key": "women's health",
                "text": "Women's health",
                "count": 79,
                "children": [
                  {
                    "key": "female incontinence",
                    "text": "Female incontinence",
                    "count": 71,
                    "children": [
                      {
                        "key": "pants",
                        "text": "Pants",
                        "count": 46
                      },
                      {
                        "key": "female incontinence pads",
                        "text": "Female incontinence pads",
                        "count": 6
                      }
                    ]
                  },
                  {
                    "key": "menopause",
                    "text": "Menopause",
                    "count": 47,
                    "children": [
                      {
                        "key": "menopause related products",
                        "text": "Menopause related products",
                        "count": 47
                      }
                    ]
                  }
                ]
              },
              {
                "key": "lifestyle & wellbeing",
                "text": "Lifestyle & wellbeing",
                "count": 76,
                "children": [
                  {
                    "key": "dental",
                    "text": "Dental",
                    "count": 55,
                    "children": [
                      {
                        "key": "teeth whitening",
                        "text": "Teeth whitening",
                        "count": 28
                      },
                      {
                        "key": "toothpaste",
                        "text": "Toothpaste",
                        "count": 28
                      },
                      {
                        "key": "oral health",
                        "text": "Oral health",
                        "count": 11
                      },
                      {
                        "key": "mouthwash",
                        "text": "Mouthwash",
                        "count": 7
                      },
                      {
                        "key": "toothbrushes",
                        "text": "Toothbrushes",
                        "count": 6
                      },
                      {
                        "key": "flossing & accessories",
                        "text": "Flossing & accessories",
                        "count": 4
                      },
                      {
                        "key": "denture care",
                        "text": "Denture care",
                        "count": 2
                      }
                    ]
                  },
                  {
                    "key": "homeware & home accessories",
                    "text": "Homeware & home accessories",
                    "count": 17,
                    "children": [
                      {
                        "key": "tissues wipes & sanitisers",
                        "text": "Tissues wipes & sanitisers",
                        "count": 17
                      }
                    ]
                  }
                ]
              },
              {
                "key": "mobility & daily living aids",
                "text": "Mobility & daily living aids",
                "count": 72,
                "children": [
                  {
                    "key": "incontinence",
                    "text": "Incontinence",
                    "count": 71,
                    "children": [
                      {
                        "key": "female incontinence",
                        "text": "Female incontinence",
                        "count": 71
                      },
                      {
                        "key": "bladder weakness",
                        "text": "Bladder weakness",
                        "count": 53
                      },
                      {
                        "key": "pants",
                        "text": "Pants",
                        "count": 46
                      },
                      {
                        "key": "incontinence pads",
                        "text": "Incontinence pads",
                        "count": 11
                      }
                    ]
                  }
                ]
              },
              {
                "key": "incontinence",
                "text": "Incontinence",
                "count": 71,
                "children": [
                  {
                    "key": "female incontinence",
                    "text": "Female incontinence",
                    "count": 71,
                    "children": [
                      {
                        "key": "pants",
                        "text": "Pants",
                        "count": 46
                      },
                      {
                        "key": "female incontinence pads",
                        "text": "Female incontinence pads",
                        "count": 6
                      }
                    ]
                  },
                  {
                    "key": "bladder weakness",
                    "text": "Bladder weakness",
                    "count": 53
                  },
                  {
                    "key": "pants",
                    "text": "Pants",
                    "count": 46
                  },
                  {
                    "key": "incontinence pads",
                    "text": "Incontinence pads",
                    "count": 11
                  }
                ]
              },
              {
                "key": "new in health",
                "text": "New in health",
                "count": 29
              },
              {
                "key": "medicines & treatments",
                "text": "Medicines & treatments",
                "count": 15,
                "children": [
                  {
                    "key": "hair loss",
                    "text": "Hair loss",
                    "count": 8,
                    "children": [
                      {
                        "key": "Mens Hair Loss",
                        "text": "Mens Hair Loss",
                        "count": 8
                      },
                      {
                        "key": "hair loss treatments",
                        "text": "Hair loss treatments",
                        "count": 8
                      }
                    ]
                  }
                ]
              },
              {
                "key": "men's health",
                "text": "Men's health",
                "count": 8,
                "children": [
                  {
                    "key": "hair loss",
                    "text": "Hair loss",
                    "count": 8,
                    "children": [
                      {
                        "key": "Mens Hair Loss",
                        "text": "Mens Hair Loss",
                        "count": 8
                      },
                      {
                        "key": "hair loss treatments",
                        "text": "Hair loss treatments",
                        "count": 8
                      }
                    ]
                  }
                ]
              },
              {
                "key": "travel health",
                "text": "Travel health",
                "count": 7,
                "children": [
                  {
                    "key": "sun cream",
                    "text": "Sun cream",
                    "count": 7
                  }
                ]
              },
              {
                "key": "COVID-19 Information Products & Testing",
                "text": "COVID-19 Information Products & Testing",
                "count": 5
              }
            ]
          },
          {
            "key": "sun & holiday",
            "text": "Sun & holiday",
            "count": 53,
            "children": [
              {
                "key": "love island",
                "text": "Love island",
                "count": 41,
                "children": [
                  {
                    "key": "shop the love island villa",
                    "text": "Shop the love island villa",
                    "count": 41
                  }
                ]
              },
              {
                "key": "festival",
                "text": "Festival",
                "count": 9,
                "children": [
                  {
                    "key": "sun cream",
                    "text": "Sun cream",
                    "count": 7
                  }
                ]
              },
              {
                "key": "suncare",
                "text": "Suncare",
                "count": 7,
                "children": [
                  {
                    "key": "sun cream",
                    "text": "Sun cream",
                    "count": 7
                  }
                ]
              },
              {
                "key": "travel health",
                "text": "Travel health",
                "count": 7,
                "children": [
                  {
                    "key": "sun cream",
                    "text": "Sun cream",
                    "count": 7
                  }
                ]
              },
              {
                "key": "new in sun & holiday",
                "text": "New in sun & holiday",
                "count": 6
              },
              {
                "key": "travel toiletries",
                "text": "Travel toiletries",
                "count": 3
              },
              {
                "key": "fake & gradual tan",
                "text": "Fake & gradual tan",
                "count": 1
              },
              {
                "key": "toiletries",
                "text": "Toiletries",
                "count": 1
              }
            ]
          },
          {
            "key": "wellness",
            "text": "Wellness",
            "count": 48,
            "children": [
              {
                "key": "vegan",
                "text": "Vegan",
                "count": 40,
                "children": [
                  {
                    "key": "all vegan products",
                    "text": "All vegan products",
                    "count": 13
                  },
                  {
                    "key": "vegan beauty",
                    "text": "Vegan beauty",
                    "count": 13,
                    "children": [
                      {
                        "key": "vegan shampoo",
                        "text": "Vegan shampoo",
                        "count": 3
                      }
                    ]
                  }
                ]
              },
              {
                "key": "all vegan products",
                "text": "All vegan products",
                "count": 13
              },
              {
                "key": "sustainability at Boots",
                "text": "Sustainability at Boots",
                "count": 10,
                "children": [
                  {
                    "key": "recycled",
                    "text": "Recycled",
                    "count": 6
                  },
                  {
                    "key": "vegan",
                    "text": "Vegan",
                    "count": 6
                  }
                ]
              },
              {
                "key": "alternative therapies",
                "text": "Alternative therapies",
                "count": 4
              },
              {
                "key": "sports nutrition",
                "text": "Sports nutrition",
                "count": 4
              },
              {
                "key": "sleep",
                "text": "Sleep",
                "count": 3
              },
              {
                "key": "alternative therapy",
                "text": "Alternative therapy",
                "count": 1
              },
              {
                "key": "new in wellness",
                "text": "New in wellness",
                "count": 1
              }
            ]
          },
          {
            "key": "love island",
            "text": "Love island",
            "count": 41,
            "children": [
              {
                "key": "shop the love island villa",
                "text": "Shop the love island villa",
                "count": 41
              }
            ]
          },
          {
            "key": "vegan",
            "text": "Vegan",
            "count": 40,
            "children": [
              {
                "key": "all vegan products",
                "text": "All vegan products",
                "count": 13
              },
              {
                "key": "vegan beauty",
                "text": "Vegan beauty",
                "count": 13
              },
              {
                "key": "vegan protein & supplements",
                "text": "Vegan protein & supplements",
                "count": 4
              }
            ]
          },
          {
            "key": "gift",
            "text": "Gift",
            "count": 37,
            "children": [
              {
                "key": "gifts for her",
                "text": "Gifts for her",
                "count": 21,
                "children": [
                  {
                    "key": "all luxury bath & body",
                    "text": "All luxury bath & body",
                    "count": 20
                  }
                ]
              },
              {
                "key": "gifts for him",
                "text": "Gifts for him",
                "count": 13,
                "children": [
                  {
                    "key": "men's gift sets",
                    "text": "Men's gift sets",
                    "count": 8
                  }
                ]
              },
              {
                "key": "all gifts",
                "text": "All gifts",
                "count": 7
              },
              {
                "key": "birthday gifts",
                "text": "Birthday gifts",
                "count": 5
              },
              {
                "key": "all baby & kids' clothing",
                "text": "All baby & kids' clothing",
                "count": 1
              }
            ]
          },
          {
            "key": "baby & child",
            "text": "Baby & child",
            "count": 15,
            "children": [
              {
                "key": "bathing & changing",
                "text": "Bathing & changing",
                "count": 15,
                "children": [
                  {
                    "key": "baby & child toiletries",
                    "text": "Baby & child toiletries",
                    "count": 15
                  }
                ]
              },
              {
                "key": "sustainable baby",
                "text": "Sustainable baby",
                "count": 3
              }
            ]
          },
          {
            "key": "fragrance",
            "text": "Fragrance",
            "count": 11,
            "children": [
              {
                "key": "perfume",
                "text": "Perfume",
                "count": 11,
                "children": [
                  {
                    "key": "hair & body mists",
                    "text": "Hair & body mists",
                    "count": 11
                  }
                ]
              },
              {
                "key": "brands",
                "text": "Brands",
                "count": 5
              }
            ]
          },
          {
            "key": "sale",
            "text": "Sale",
            "count": 4
          },
          {
            "key": "electrical",
            "text": "Electrical",
            "count": 2,
            "children": [
              {
                "key": "male grooming tools",
                "text": "Male grooming tools",
                "count": 1
              },
              {
                "key": "new in electrical",
                "text": "New in electrical",
                "count": 1
              }
            ]
          },
          {
            "key": "mother's day",
            "text": "Mother's day",
            "count": 1,
            "children": [
              {
                "key": "shop all",
                "text": "Shop all",
                "count": 1
              }
            ]
          }
        ]
      },
      {
        "key": "ingredients",
        "text": "Ingredients",
        "type": "multiple",
        "elements": [
          {
            "key": "hyaluronic acid",
            "text": "Hyaluronic acid",
            "count": 13
          },
          {
            "key": "shea butter",
            "text": "Shea butter",
            "count": 9
          },
          {
            "key": "green tea",
            "text": "Green tea",
            "count": 8
          },
          {
            "key": "aloe vera",
            "text": "Aloe vera",
            "count": 7
          },
          {
            "key": "vitamin e",
            "text": "Vitamin e",
            "count": 5
          },
          {
            "key": "beeswax",
            "text": "Beeswax",
            "count": 3
          },
          {
            "key": "glycolic acid",
            "text": "Glycolic acid",
            "count": 3
          },
          {
            "key": "vitamin b",
            "text": "Vitamin b",
            "count": 3
          },
          {
            "key": "cica",
            "text": "Cica",
            "count": 2
          },
          {
            "key": "citric acid",
            "text": "Citric acid",
            "count": 2
          },
          {
            "key": "jojoba",
            "text": "Jojoba",
            "count": 2
          },
          {
            "key": "kaolin",
            "text": "Kaolin",
            "count": 2
          },
          {
            "key": "lavender",
            "text": "Lavender",
            "count": 2
          },
          {
            "key": "vitamin c",
            "text": "Vitamin c",
            "count": 2
          },
          {
            "key": "witch hazel",
            "text": "Witch hazel",
            "count": 2
          },
          {
            "key": "zinc",
            "text": "Zinc",
            "count": 2
          },
          {
            "key": "almond oil",
            "text": "Almond oil",
            "count": 1
          },
          {
            "key": "amino acids",
            "text": "Amino acids",
            "count": 1
          },
          {
            "key": "argan oil",
            "text": "Argan oil",
            "count": 1
          },
          {
            "key": "avocado",
            "text": "Avocado",
            "count": 1
          },
          {
            "key": "biotin",
            "text": "Biotin",
            "count": 1
          },
          {
            "key": "caffeine",
            "text": "Caffeine",
            "count": 1
          },
          {
            "key": "cocoa butter",
            "text": "Cocoa butter",
            "count": 1
          },
          {
            "key": "coconut",
            "text": "Coconut",
            "count": 1
          },
          {
            "key": "keratin",
            "text": "Keratin",
            "count": 1
          },
          {
            "key": "retinol",
            "text": "Retinol",
            "count": 1
          },
          {
            "key": "salicylic acid",
            "text": "Salicylic acid",
            "count": 1
          },
          {
            "key": "turmeric",
            "text": "Turmeric",
            "count": 1
          }
        ]
      },
      {
        "key": "flavour",
        "text": "Flavour",
        "type": "multiple",
        "elements": [
          {
            "key": "peach",
            "text": "Peach",
            "count": 1
          }
        ]
      },
      {
        "key": "hair_concern",
        "text": "Hair concern",
        "type": "multiple",
        "elements": [
          {
            "key": "anti-dandruff",
            "text": "Anti-dandruff",
            "count": 1
          }
        ]
      },
      {
        "key": "pack_size",
        "text": "Pack size",
        "type": "multiple",
        "elements": [
          {
            "key": "11–20",
            "text": "11–20",
            "count": 8
          },
          {
            "key": "51–70",
            "text": "51–70",
            "count": 5
          },
          {
            "key": "71–100",
            "text": "71–100",
            "count": 5
          },
          {
            "key": "0–10",
            "text": "0–10",
            "count": 3
          },
          {
            "key": "200+",
            "text": "200+",
            "count": 3
          },
          {
            "key": "21–30",
            "text": "21–30",
            "count": 3
          },
          {
            "key": "101–150",
            "text": "101–150",
            "count": 1
          }
        ]
      },
      {
        "key": "power_source",
        "text": "Power source",
        "type": "multiple",
        "elements": [
          {
            "key": "rechargeable",
            "text": "Rechargeable",
            "count": 1
          }
        ]
      },
      {
        "key": "protection",
        "text": "Protection",
        "type": "multiple",
        "elements": [
          {
            "key": "normal",
            "text": "Normal",
            "count": 54
          },
          {
            "key": "light",
            "text": "Light",
            "count": 40
          },
          {
            "key": "maxi",
            "text": "Maxi",
            "count": 6
          },
          {
            "key": "super",
            "text": "Super",
            "count": 6
          }
        ]
      }
    ]
  }
}