{
  "products": {
    "urls": {},
    "query": "",
    "paging": {
      "total": 97,
      "index": 0,
      "size": 1000
    },
    "indexName": "prod_live_products_uk",
    "queryID": "e322c1007c7a4ba75e8e9f8b352ad733",
    "hits": [
      {
        "ppuQuantity": "80G",
        "pricing": {
          "perUnit": "£2.09 per 100G",
          "regular": {
            "value": 2.5,
            "currency": "GBP",
            "text": "£2.50"
          },
          "current": {
            "value": 1.67,
            "currency": "GBP",
            "text": "£1.67"
          },
          "saving": {
            "value": 0.83,
            "currency": "GBP",
            "text": "£0.83"
          }
        },
        "objectId": "2768238",
        "brand": "Doisy & Dam",
        "attributes": {
          "hasPriceAdvantageDeal": false,
          "suitable_for": "vegan",
          "StockOverrideMessage": "STOCK_COMING_SOON",
          "ProductReviewFlag": "1"
        },
        "variants": {
          "colours": [],
          "hasColours": false,
          "hasSizes": false
        },
        "categories": [
          [
            {
              "name": "vegan",
              "label": "vegan"
            },
            {
              "name": "wellness",
              "label": "wellness"
            }
          ],
          [
            {
              "name": "food & drink",
              "label": "wellness > food & drink"
            },
            {
              "name": "vegan",
              "label": "wellness > vegan"
            },
            {
              "name": "all vegan products",
              "label": "wellness > all vegan products"
            },
            {
              "name": "vegan food",
              "label": "vegan > vegan food"
            },
            {
              "name": "all vegan products",
              "label": "vegan > all vegan products"
            }
          ],
          [
            {
              "name": "sweet snacks",
              "label": "wellness > food & drink > sweet snacks"
            },
            {
              "name": "vegan food",
              "label": "wellness > food & drink > vegan food"
            },
            {
              "name": "shop all",
              "label": "wellness > food & drink > shop all"
            },
            {
              "name": "sweet and savoury snacks",
              "label": "wellness > food & drink > sweet and savoury snacks"
            },
            {
              "name": "vegan food",
              "label": "wellness > vegan > vegan food"
            },
            {
              "name": "all vegan products",
              "label": "wellness > vegan > all vegan products"
            }
          ]
        ],
        "reviews": {
          "average": 5,
          "count": 2,
          "rounded": 5
        },
        "parent": {
          "product": "2768237",
          "partNumber": "10321941.P",
          "model": "10321941",
          "manufacturerModel": "5241898"
        },
        "images": {
          "thumbnail": "https://boots.scene7.com/is/image/Boots/10321941?wid=45&hei=60&op_sharpen=1"
        },
        "offers": [
          {
            "text": "Save 1/3 on selected Doisy and Dam"
          }
        ],
        "actions": {},
        "iconUri": "https://boots.scene7.com/is/image/Boots/10321941?op_sharpen=1",
        "title": "Doisy & Dam Peanut & Salted Caramel Dark Chocolate Clusters 80g",
        "referenceUri": "/doisy-dam-peanut-salted-caramel-dark-chocolate-clusters-80g-10321941",
        "canAddToBasket": "yes",
        "opticians": false,
        "inStock": true,
        "expressDelivery": false,
        "hasOtherPromotion": true,
        "channelPromotionalTextMap": {
          "-1": [
            "Save 1/3 on selected Doisy and Dam"
          ],
          "-6": [
            "Save 1/3 on selected Doisy and Dam"
          ]
        },
        "adCardPoints": 3
      },
      {
        "ppuQuantity": "50G",
        "pricing": {
          "perUnit": "£2.22 per 100G",
          "regular": {
            "value": 1.39,
            "currency": "GBP",
            "text": "£1.39"
          },
          "current": {
            "value": 1.11,
            "currency": "GBP",
            "text": "£1.11"
          },
          "saving": {
            "value": 0.28,
            "currency": "GBP",
            "text": "£0.28"
          }
        },
        "objectId": "2773631",
        "brand": "Rhythm 108",
        "attributes": {
          "suitable_for": "vegan",
          "product_type": "snacks",
          "flavour": "chocolate",
          "StockOverrideMessage": "STOCK_COMING_SOON",
          "format": "bars & snacks",
          "hasPriceAdvantageDeal": false,
          "free_from": [
            "gluten-free",
            "dairy-free"
          ],
          "ProductReviewFlag": "1"
        },
        "variants": {
          "colours": [],
          "hasColours": false,
          "hasSizes": false
        },
        "categories": [
          [
            {
              "name": "vegan",
              "label": "vegan"
            },
            {
              "name": "wellness",
              "label": "wellness"
            }
          ],
          [
            {
              "name": "all vegan products",
              "label": "vegan > all vegan products"
            },
            {
              "name": "food & drink",
              "label": "wellness > food & drink"
            },
            {
              "name": "vegan",
              "label": "wellness > vegan"
            },
            {
              "name": "all vegan products",
              "label": "wellness > all vegan products"
            },
            {
              "name": "vegan food",
              "label": "vegan > vegan food"
            }
          ],
          [
            {
              "name": "free from",
              "label": "wellness > food & drink > free from"
            },
            {
              "name": "sweet snacks",
              "label": "wellness > food & drink > sweet snacks"
            },
            {
              "name": "vegan food",
              "label": "wellness > food & drink > vegan food"
            },
            {
              "name": "shop all",
              "label": "wellness > food & drink > shop all"
            },
            {
              "name": "sweet and savoury snacks",
              "label": "wellness > food & drink > sweet and savoury snacks"
            },
            {
              "name": "vegan food",
              "label": "wellness > vegan > vegan food"
            },
            {
              "name": "all vegan products",
              "label": "wellness > vegan > all vegan products"
            }
          ]
        ],
        "reviews": {
          "average": 4.17,
          "count": 6,
          "rounded": 4
        },
        "parent": {
          "product": "2773630",
          "partNumber": "10322094.P",
          "model": "10322094",
          "manufacturerModel": "3437736"
        },
        "images": {
          "thumbnail": "https://boots.scene7.com/is/image/Boots/10322094?wid=45&hei=60&op_sharpen=1"
        },
        "offers": [
          {
            "text": "Save up to 20 percent on selected Rhythm 108"
          }
        ],
        "actions": {},
        "iconUri": "https://boots.scene7.com/is/image/Boots/10322094?op_sharpen=1",
        "title": "Rhythm 108 Vegan Chocolate Peanut Butter Cookie 50g",
        "referenceUri": "/rhythm-108-vegan-chocolate-peanut-butter-cookie-50g-10322094",
        "canAddToBasket": "yes",
        "opticians": false,
        "inStock": true,
        "expressDelivery": false,
        "hasOtherPromotion": true,
        "channelPromotionalTextMap": {
          "-1": [
            "Save up to 20 percent on selected Rhythm 108"
          ],
          "-6": [
            "Save up to 20 percent on selected Rhythm 108"
          ]
        },
        "adCardPoints": 3
      },
      {
        "ppuQuantity": "120G",
        "pricing": {
          "perUnit": "£2.92 per 100G",
          "regular": {
            "value": 3.5,
            "currency": "GBP",
            "text": "£3.50"
          },
          "current": {
            "value": 3.5,
            "currency": "GBP",
            "text": "£3.50"
          }
        },
        "objectId": "2860646",
        "brand": "Forest Feast",
        "attributes": {
          "suitable_for": "vegan",
          "flavour": [
            "cherry",
            "chocolate"
          ],
          "StockOverrideMessage": "STOCK_COMING_SOON",
          "format": "bars & snacks",
          "hasPriceAdvantageDeal": false,
          "free_from": "gluten-free",
          "ProductReviewFlag": "1"
        },
        "variants": {
          "colours": [],
          "hasColours": false,
          "hasSizes": false
        },
        "categories": [
          [
            {
              "name": "vegan",
              "label": "vegan"
            },
            {
              "name": "wellness",
              "label": "wellness"
            }
          ],
          [
            {
              "name": "all vegan products",
              "label": "vegan > all vegan products"
            },
            {
              "name": "food & drink",
              "label": "wellness > food & drink"
            },
            {
              "name": "vegan",
              "label": "wellness > vegan"
            },
            {
              "name": "all vegan products",
              "label": "wellness > all vegan products"
            },
            {
              "name": "vegan food",
              "label": "vegan > vegan food"
            }
          ],
          [
            {
              "name": "free from",
              "label": "wellness > food & drink > free from"
            },
            {
              "name": "sweet snacks",
              "label": "wellness > food & drink > sweet snacks"
            },
            {
              "name": "vegan food",
              "label": "wellness > food & drink > vegan food"
            },
            {
              "name": "shop all",
              "label": "wellness > food & drink > shop all"
            },
            {
              "name": "sweet and savoury snacks",
              "label": "wellness > food & drink > sweet and savoury snacks"
            },
            {
              "name": "vegan food",
              "label": "wellness > vegan > vegan food"
            },
            {
              "name": "all vegan products",
              "label": "wellness > vegan > all vegan products"
            }
          ]
        ],
        "reviews": {
          "average": 5,
          "count": 3,
          "rounded": 5
        },
        "parent": {
          "product": "2860645",
          "partNumber": "10331681.P",
          "model": "10331681",
          "manufacturerModel": "5735998"
        },
        "images": {
          "thumbnail": "https://boots.scene7.com/is/image/Boots/10331681?wid=45&hei=60&op_sharpen=1"
        },
        "offers": [],
        "actions": {},
        "iconUri": "https://boots.scene7.com/is/image/Boots/10331681?op_sharpen=1",
        "title": "Forest Feast Dark Chocolate Cherries - 120g",
        "referenceUri": "/forest-feast-dark-chocolate-cherries-120g-10331681",
        "canAddToBasket": "yes",
        "opticians": false,
        "inStock": true,
        "expressDelivery": false,
        "hasOtherPromotion": false,
        "channelPromotionalTextMap": {
          "-1": [],
          "-6": []
        },
        "adCardPoints": 9
      },
      {
        "ppuQuantity": "20UNI",
        "pricing": {
          "perUnit": "£0.15 per 1UNI",
          "regular": {
            "value": 2.99,
            "currency": "GBP",
            "text": "£2.99"
          },
          "current": {
            "value": 2.99,
            "currency": "GBP",
            "text": "£2.99"
          }
        },
        "objectId": "2747668",
        "brand": "Twinings",
        "attributes": {
          "suitable_for": "vegan",
          "product_type": "tea",
          "StockOverrideMessage": "STOCK_COMING_SOON",
          "pack_size": "11–20",
          "format": "bag",
          "hasPriceAdvantageDeal": false,
          "ingredients": "vitamin b6",
          "free_from": "caffeine-free",
          "ProductReviewFlag": "1"
        },
        "variants": {
          "colours": [],
          "hasColours": false,
          "hasSizes": false
        },
        "categories": [
          [
            {
              "name": "vegan",
              "label": "vegan"
            },
            {
              "name": "wellness",
              "label": "wellness"
            }
          ],
          [
            {
              "name": "food & drink",
              "label": "wellness > food & drink"
            },
            {
              "name": "vegan",
              "label": "wellness > vegan"
            },
            {
              "name": "vegan food",
              "label": "vegan > vegan food"
            }
          ],
          [
            {
              "name": "drinks & teas",
              "label": "wellness > food & drink > drinks & teas"
            },
            {
              "name": "vegan food",
              "label": "wellness > food & drink > vegan food"
            },
            {
              "name": "shop all",
              "label": "wellness > food & drink > shop all"
            },
            {
              "name": "vegan food",
              "label": "wellness > vegan > vegan food"
            }
          ]
        ],
        "reviews": {
          "average": null,
          "count": null,
          "rounded": null
        },
        "parent": {
          "product": "2747667",
          "partNumber": "10320456.P",
          "model": "10320456",
          "manufacturerModel": "5005280"
        },
        "images": {
          "thumbnail": "https://boots.scene7.com/is/image/Boots/10320456?wid=45&hei=60&op_sharpen=1"
        },
        "offers": [],
        "actions": {},
        "iconUri": "https://boots.scene7.com/is/image/Boots/10320456?op_sharpen=1",
        "title": "Twinings Superblends Balance Tea Bags 20s",
        "referenceUri": "/twinings-superblends-balance-tea-bags-20s-10320456",
        "canAddToBasket": "yes",
        "opticians": false,
        "inStock": true,
        "expressDelivery": false,
        "hasOtherPromotion": false,
        "channelPromotionalTextMap": {
          "-1": [],
          "-6": []
        },
        "adCardPoints": 6
      },
      {
        "ppuQuantity": "75G",
        "pricing": {
          "perUnit": "£1.77 per 100G",
          "regular": {
            "value": 2,
            "currency": "GBP",
            "text": "£2.00"
          },
          "current": {
            "value": 1.33,
            "currency": "GBP",
            "text": "£1.33"
          },
          "saving": {
            "value": 0.67,
            "currency": "GBP",
            "text": "£0.67"
          }
        },
        "objectId": "2526927",
        "brand": "Doisy & Dam",
        "attributes": {
          "suitable_for": "vegan",
          "StockOverrideMessage": "STOCK_COMING_SOON",
          "format": "bars & snacks",
          "hasPriceAdvantageDeal": false,
          "free_from": "dairy-free",
          "ProductReviewFlag": "1"
        },
        "variants": {
          "colours": [],
          "hasColours": false,
          "hasSizes": false
        },
        "categories": [
          [
            {
              "name": "vegan",
              "label": "vegan"
            },
            {
              "name": "health & pharmacy",
              "label": "health & pharmacy"
            },
            {
              "name": "wellness",
              "label": "wellness"
            },
            {
              "name": "new in",
              "label": "new in"
            }
          ],
          [
            {
              "name": "all vegan products",
              "label": "vegan > all vegan products"
            },
            {
              "name": "lifestyle & wellbeing",
              "label": "health & pharmacy > lifestyle & wellbeing"
            },
            {
              "name": "diet & weight management",
              "label": "wellness > diet & weight management"
            },
            {
              "name": "food & drink",
              "label": "wellness > food & drink"
            },
            {
              "name": "vegan",
              "label": "wellness > vegan"
            },
            {
              "name": "new in health",
              "label": "health & pharmacy > new in health"
            },
            {
              "name": "all vegan products",
              "label": "wellness > all vegan products"
            },
            {
              "name": "new in health",
              "label": "new in > new in health"
            },
            {
              "name": "vegan food",
              "label": "vegan > vegan food"
            }
          ],
          [
            {
              "name": "diet & weight management",
              "label": "health & pharmacy > lifestyle & wellbeing > diet & weight management"
            },
            {
              "name": "bars & snacks",
              "label": "wellness > diet & weight management > bars & snacks"
            },
            {
              "name": "shop all",
              "label": "wellness > diet & weight management > shop all"
            },
            {
              "name": "sweet snacks",
              "label": "wellness > food & drink > sweet snacks"
            },
            {
              "name": "vegan food",
              "label": "wellness > food & drink > vegan food"
            },
            {
              "name": "sweet and savoury snacks",
              "label": "wellness > food & drink > sweet and savoury snacks"
            },
            {
              "name": "vegan food",
              "label": "wellness > vegan > vegan food"
            },
            {
              "name": "all vegan products",
              "label": "wellness > vegan > all vegan products"
            }
          ],
          [
            {
              "name": "bars & snacks",
              "label": "health & pharmacy > lifestyle & wellbeing > diet & weight management > bars & snacks"
            },
            {
              "name": "shop all",
              "label": "health & pharmacy > lifestyle & wellbeing > diet & weight management > shop all"
            }
          ]
        ],
        "reviews": {
          "average": null,
          "count": null,
          "rounded": null
        },
        "parent": {
          "product": "2526926",
          "partNumber": "10293993.P",
          "model": "10293993",
          "manufacturerModel": "3437701"
        },
        "images": {
          "thumbnail": "https://boots.scene7.com/is/image/Boots/10293993?wid=45&hei=60&op_sharpen=1"
        },
        "offers": [
          {
            "text": "Save 1/3 on selected Doisy and Dam"
          }
        ],
        "actions": {},
        "iconUri": "https://boots.scene7.com/is/image/Boots/10293993?op_sharpen=1",
        "title": "Doisy & Dam Dark Chocolate Ballers - 75g",
        "referenceUri": "/doisy-and-dam-dark-chocolate-ballers-75g-10293993",
        "canAddToBasket": "yes",
        "opticians": false,
        "inStock": true,
        "expressDelivery": false,
        "hasOtherPromotion": true,
        "channelPromotionalTextMap": {
          "-1": [
            "Save 1/3 on selected Doisy and Dam"
          ],
          "-6": [
            "Save 1/3 on selected Doisy and Dam"
          ]
        },
        "adCardPoints": 3
      },
      {
        "ppuQuantity": "105G",
        "pricing": {
          "perUnit": "£2.38 per 100G",
          "regular": {
            "value": 2.5,
            "currency": "GBP",
            "text": "£2.50"
          },
          "current": {
            "value": 2.5,
            "currency": "GBP",
            "text": "£2.50"
          }
        },
        "objectId": "2841692",
        "brand": "Pulsin",
        "attributes": {
          "suitable_for": "vegan",
          "flavour": [
            "chocolate",
            "nut"
          ],
          "StockOverrideMessage": "STOCK_COMING_SOON",
          "format": "bars & snacks",
          "hasPriceAdvantageDeal": false,
          "free_from": [
            "gluten-free",
            "dairy-free"
          ],
          "ProductReviewFlag": "1"
        },
        "variants": {
          "colours": [],
          "hasColours": false,
          "hasSizes": false
        },
        "categories": [
          [
            {
              "name": "vegan",
              "label": "vegan"
            },
            {
              "name": "health & pharmacy",
              "label": "health & pharmacy"
            },
            {
              "name": "wellness",
              "label": "wellness"
            }
          ],
          [
            {
              "name": "vegan protein & supplements",
              "label": "vegan > vegan protein & supplements"
            },
            {
              "name": "lifestyle & wellbeing",
              "label": "health & pharmacy > lifestyle & wellbeing"
            },
            {
              "name": "sports nutrition",
              "label": "wellness > sports nutrition"
            },
            {
              "name": "food & drink",
              "label": "wellness > food & drink"
            },
            {
              "name": "vegan",
              "label": "wellness > vegan"
            },
            {
              "name": "vegan food",
              "label": "vegan > vegan food"
            }
          ],
          [
            {
              "name": "sports nutrition",
              "label": "health & pharmacy > lifestyle & wellbeing > sports nutrition"
            },
            {
              "name": "health food",
              "label": "health & pharmacy > lifestyle & wellbeing > health food"
            },
            {
              "name": "vegan protein & supplements",
              "label": "wellness > sports nutrition > vegan protein & supplements"
            },
            {
              "name": "bars and snacks",
              "label": "wellness > sports nutrition > bars and snacks"
            },
            {
              "name": "shop all",
              "label": "wellness > sports nutrition > shop all"
            },
            {
              "name": "vegan food",
              "label": "wellness > food & drink > vegan food"
            },
            {
              "name": "vegan food",
              "label": "wellness > vegan > vegan food"
            },
            {
              "name": "vegan protein & supplements",
              "label": "wellness > vegan > vegan protein & supplements"
            }
          ],
          [
            {
              "name": "vegan protein & supplements",
              "label": "health & pharmacy > lifestyle & wellbeing > sports nutrition > vegan protein & supplements"
            },
            {
              "name": "bars and snacks",
              "label": "health & pharmacy > lifestyle & wellbeing > sports nutrition > bars and snacks"
            },
            {
              "name": "shop all",
              "label": "health & pharmacy > lifestyle & wellbeing > sports nutrition > shop all"
            }
          ]
        ],
        "reviews": {
          "average": null,
          "count": null,
          "rounded": null
        },
        "parent": {
          "product": "2841691",
          "partNumber": "10329051.P",
          "model": "10329051",
          "manufacturerModel": "5581192"
        },
        "images": {
          "thumbnail": "https://boots.scene7.com/is/image/Boots/10329051?wid=45&hei=60&op_sharpen=1"
        },
        "offers": [],
        "actions": {},
        "iconUri": "https://boots.scene7.com/is/image/Boots/10329051?op_sharpen=1",
        "title": "Pulsin High Fibre Brownies Choc Hazlenut - 4 x 35g",
        "referenceUri": "/pulsin-high-fibre-brownies-choc-hazlenut-4-x-35g-10329051",
        "canAddToBasket": "yes",
        "opticians": false,
        "inStock": true,
        "expressDelivery": false,
        "hasOtherPromotion": false,
        "channelPromotionalTextMap": {
          "-1": [],
          "-6": []
        },
        "adCardPoints": 6
      },
      {
        "ppuQuantity": "48G",
        "pricing": {
          "perUnit": "£3.73 per 100G",
          "regular": {
            "value": 1.79,
            "currency": "GBP",
            "text": "£1.79"
          },
          "current": {
            "value": 1.79,
            "currency": "GBP",
            "text": "£1.79"
          }
        },
        "objectId": "2899200",
        "brand": "Pri's Pudding",
        "attributes": {
          "suitable_for": "vegan",
          "flavour": "nut",
          "StockOverrideMessage": "STOCK_COMING_SOON",
          "format": "bars & snacks",
          "hasPriceAdvantageDeal": false,
          "free_from": "gluten-free",
          "ProductReviewFlag": "1"
        },
        "variants": {
          "colours": [],
          "hasColours": false,
          "hasSizes": false
        },
        "categories": [
          [
            {
              "name": "vegan",
              "label": "vegan"
            },
            {
              "name": "wellness",
              "label": "wellness"
            }
          ],
          [
            {
              "name": "all vegan products",
              "label": "vegan > all vegan products"
            },
            {
              "name": "food & drink",
              "label": "wellness > food & drink"
            },
            {
              "name": "vegan",
              "label": "wellness > vegan"
            },
            {
              "name": "all vegan products",
              "label": "wellness > all vegan products"
            },
            {
              "name": "vegan food",
              "label": "vegan > vegan food"
            }
          ],
          [
            {
              "name": "free from",
              "label": "wellness > food & drink > free from"
            },
            {
              "name": "sweet snacks",
              "label": "wellness > food & drink > sweet snacks"
            },
            {
              "name": "vegan food",
              "label": "wellness > food & drink > vegan food"
            },
            {
              "name": "shop all",
              "label": "wellness > food & drink > shop all"
            },
            {
              "name": "sweet and savoury snacks",
              "label": "wellness > food & drink > sweet and savoury snacks"
            },
            {
              "name": "vegan food",
              "label": "wellness > vegan > vegan food"
            },
            {
              "name": "all vegan products",
              "label": "wellness > vegan > all vegan products"
            }
          ]
        ],
        "reviews": {
          "average": null,
          "count": null,
          "rounded": null
        },
        "parent": {
          "product": "2899199",
          "partNumber": "10336438.P",
          "model": "10336438",
          "manufacturerModel": "5100232"
        },
        "images": {
          "thumbnail": "https://boots.scene7.com/is/image/Boots/10336438?wid=45&hei=60&op_sharpen=1"
        },
        "offers": [],
        "actions": {},
        "iconUri": "https://boots.scene7.com/is/image/Boots/10336438?op_sharpen=1",
        "title": "Pri Bakes Oaty Pies - Cashew Butter Pie - 48g",
        "referenceUri": "/pri-bakes-oaty-pies-cashew-butter-pie-48g-10336438",
        "canAddToBasket": "yes",
        "opticians": false,
        "inStock": true,
        "expressDelivery": false,
        "hasOtherPromotion": false,
        "channelPromotionalTextMap": {
          "-1": [],
          "-6": []
        },
        "adCardPoints": 3
      },
      {
        "ppuQuantity": "36G",
        "pricing": {
          "perUnit": "£4.42 per 100G",
          "regular": {
            "value": 1.99,
            "currency": "GBP",
            "text": "£1.99"
          },
          "current": {
            "value": 1.59,
            "currency": "GBP",
            "text": "£1.59"
          },
          "saving": {
            "value": 0.4,
            "currency": "GBP",
            "text": "£0.40"
          }
        },
        "objectId": "2219934",
        "brand": "Deliciously Ella",
        "attributes": {
          "suitable_for": [
            "vegan",
            "vegetarian"
          ],
          "StockOverrideMessage": "STOCK_COMING_SOON",
          "size": "0-10",
          "flavour": "nut",
          "format": "bars & snacks",
          "hasPriceAdvantageDeal": false,
          "Reporting_Category": "nutrition",
          "free_from": [
            "dairy-free",
            "artificial colours",
            "artificial flavours",
            "soya-free",
            "gluten-free",
            "artificial preservatives"
          ],
          "ProductReviewFlag": "1"
        },
        "variants": {
          "colours": [],
          "hasColours": false,
          "hasSizes": false
        },
        "categories": [
          [
            {
              "name": "vegan",
              "label": "vegan"
            },
            {
              "name": "wellness",
              "label": "wellness"
            }
          ],
          [
            {
              "name": "all vegan products",
              "label": "vegan > all vegan products"
            },
            {
              "name": "food & drink",
              "label": "wellness > food & drink"
            },
            {
              "name": "vegan",
              "label": "wellness > vegan"
            },
            {
              "name": "all vegan products",
              "label": "wellness > all vegan products"
            },
            {
              "name": "vegan food",
              "label": "vegan > vegan food"
            }
          ],
          [
            {
              "name": "free from",
              "label": "wellness > food & drink > free from"
            },
            {
              "name": "sweet snacks",
              "label": "wellness > food & drink > sweet snacks"
            },
            {
              "name": "vegan food",
              "label": "wellness > food & drink > vegan food"
            },
            {
              "name": "shop all",
              "label": "wellness > food & drink > shop all"
            },
            {
              "name": "sweet and savoury snacks",
              "label": "wellness > food & drink > sweet and savoury snacks"
            },
            {
              "name": "vegan food",
              "label": "wellness > vegan > vegan food"
            },
            {
              "name": "all vegan products",
              "label": "wellness > vegan > all vegan products"
            }
          ]
        ],
        "reviews": {
          "average": 4.67,
          "count": 3,
          "rounded": 4
        },
        "parent": {
          "product": "2219933",
          "partNumber": "10259401.P",
          "model": "10259401",
          "manufacturerModel": "8420408"
        },
        "images": {
          "thumbnail": "https://boots.scene7.com/is/image/Boots/10259401?wid=45&hei=60&op_sharpen=1"
        },
        "offers": [
          {
            "text": "Save 20 percent on selected Deliciously Ella"
          }
        ],
        "actions": {},
        "iconUri": "https://boots.scene7.com/is/image/Boots/10259401?op_sharpen=1",
        "title": "Deliciously Ella Hazelnut Nut Butter Bites - 36g",
        "referenceUri": "/deliciously-ella-hazelnut-nut-butter-bites-36g-10259401",
        "canAddToBasket": "yes",
        "opticians": false,
        "inStock": true,
        "expressDelivery": false,
        "hasOtherPromotion": true,
        "channelPromotionalTextMap": {
          "-1": [
            "Save 20 percent on selected Deliciously Ella"
          ],
          "-6": [
            "Save 20 percent on selected Deliciously Ella"
          ]
        },
        "adCardPoints": 3
      },
      {
        "ppuQuantity": "48G",
        "pricing": {
          "perUnit": "£3.73 per 100G",
          "regular": {
            "value": 1.79,
            "currency": "GBP",
            "text": "£1.79"
          },
          "current": {
            "value": 1.79,
            "currency": "GBP",
            "text": "£1.79"
          }
        },
        "objectId": "2899202",
        "brand": "Pri's Pudding",
        "attributes": {
          "suitable_for": "vegan",
          "flavour": "nut",
          "StockOverrideMessage": "STOCK_COMING_SOON",
          "format": "bars & snacks",
          "hasPriceAdvantageDeal": false,
          "free_from": "gluten-free",
          "ProductReviewFlag": "1"
        },
        "variants": {
          "colours": [],
          "hasColours": false,
          "hasSizes": false
        },
        "categories": [
          [
            {
              "name": "vegan",
              "label": "vegan"
            },
            {
              "name": "wellness",
              "label": "wellness"
            }
          ],
          [
            {
              "name": "all vegan products",
              "label": "vegan > all vegan products"
            },
            {
              "name": "food & drink",
              "label": "wellness > food & drink"
            },
            {
              "name": "vegan",
              "label": "wellness > vegan"
            },
            {
              "name": "all vegan products",
              "label": "wellness > all vegan products"
            },
            {
              "name": "vegan food",
              "label": "vegan > vegan food"
            }
          ],
          [
            {
              "name": "free from",
              "label": "wellness > food & drink > free from"
            },
            {
              "name": "sweet snacks",
              "label": "wellness > food & drink > sweet snacks"
            },
            {
              "name": "vegan food",
              "label": "wellness > food & drink > vegan food"
            },
            {
              "name": "shop all",
              "label": "wellness > food & drink > shop all"
            },
            {
              "name": "sweet and savoury snacks",
              "label": "wellness > food & drink > sweet and savoury snacks"
            },
            {
              "name": "vegan food",
              "label": "wellness > vegan > vegan food"
            },
            {
              "name": "all vegan products",
              "label": "wellness > vegan > all vegan products"
            }
          ]
        ],
        "reviews": {
          "average": null,
          "count": null,
          "rounded": null
        },
        "parent": {
          "product": "2899201",
          "partNumber": "10336439.P",
          "model": "10336439",
          "manufacturerModel": "5100267"
        },
        "images": {
          "thumbnail": "https://boots.scene7.com/is/image/Boots/10336439?wid=45&hei=60&op_sharpen=1"
        },
        "offers": [],
        "actions": {},
        "iconUri": "https://boots.scene7.com/is/image/Boots/10336439?op_sharpen=1",
        "title": "Pri Bakes Oaty Pies - Peanut Butter Pie - 48g",
        "referenceUri": "/pri-bakes-oaty-pies-peanut-butter-pie-48g-10336439",
        "canAddToBasket": "yes",
        "opticians": false,
        "inStock": true,
        "expressDelivery": false,
        "hasOtherPromotion": false,
        "channelPromotionalTextMap": {
          "-1": [],
          "-6": []
        },
        "adCardPoints": 3
      },
      {
        "ppuQuantity": "36G",
        "pricing": {
          "perUnit": "£4.97 per 100G",
          "regular": {
            "value": 1.79,
            "currency": "GBP",
            "text": "£1.79"
          },
          "current": {
            "value": 1.79,
            "currency": "GBP",
            "text": "£1.79"
          }
        },
        "objectId": "2625095",
        "brand": "Deliciously Ella",
        "attributes": {
          "suitable_for": [
            "vegan",
            "vegetarian"
          ],
          "StockOverrideMessage": "STOCK_COMING_SOON",
          "flavour": [
            "nut",
            "caramel",
            "chocolate"
          ],
          "format": "bars & snacks",
          "hasPriceAdvantageDeal": false,
          "free_from": [
            "artificial flavours",
            "soya-free",
            "dairy-free",
            "artificial colours",
            "artificial preservatives",
            "gluten-free"
          ],
          "ProductReviewFlag": "1"
        },
        "variants": {
          "colours": [],
          "hasColours": false,
          "hasSizes": false
        },
        "categories": [
          [
            {
              "name": "vegan",
              "label": "vegan"
            },
            {
              "name": "wellness",
              "label": "wellness"
            }
          ],
          [
            {
              "name": "all vegan products",
              "label": "vegan > all vegan products"
            },
            {
              "name": "food & drink",
              "label": "wellness > food & drink"
            },
            {
              "name": "vegan",
              "label": "wellness > vegan"
            },
            {
              "name": "all vegan products",
              "label": "wellness > all vegan products"
            },
            {
              "name": "vegan food",
              "label": "vegan > vegan food"
            }
          ],
          [
            {
              "name": "free from",
              "label": "wellness > food & drink > free from"
            },
            {
              "name": "sweet snacks",
              "label": "wellness > food & drink > sweet snacks"
            },
            {
              "name": "vegan food",
              "label": "wellness > food & drink > vegan food"
            },
            {
              "name": "shop all",
              "label": "wellness > food & drink > shop all"
            },
            {
              "name": "sweet and savoury snacks",
              "label": "wellness > food & drink > sweet and savoury snacks"
            },
            {
              "name": "vegan food",
              "label": "wellness > vegan > vegan food"
            },
            {
              "name": "all vegan products",
              "label": "wellness > vegan > all vegan products"
            }
          ]
        ],
        "reviews": {
          "average": null,
          "count": null,
          "rounded": null
        },
        "parent": {
          "product": "2625094",
          "partNumber": "10304699.P",
          "model": "10304699",
          "manufacturerModel": "8086990"
        },
        "images": {
          "thumbnail": "https://boots.scene7.com/is/image/Boots/10304699?wid=45&hei=60&op_sharpen=1"
        },
        "offers": [],
        "actions": {},
        "iconUri": "https://boots.scene7.com/is/image/Boots/10304699?op_sharpen=1",
        "title": "Deliciously Ella Peanut Butter Cups - 36g",
        "referenceUri": "/deliciously-ella-peanut-butter-cups-36g-10304699",
        "canAddToBasket": "yes",
        "opticians": false,
        "inStock": true,
        "expressDelivery": false,
        "hasOtherPromotion": false,
        "channelPromotionalTextMap": {
          "-1": [],
          "-6": []
        },
        "adCardPoints": 3
      },
      {
        "ppuQuantity": "40G",
        "pricing": {
          "perUnit": "£2.78 per 100G",
          "regular": {
            "value": 1.39,
            "currency": "GBP",
            "text": "£1.39"
          },
          "current": {
            "value": 1.11,
            "currency": "GBP",
            "text": "£1.11"
          },
          "saving": {
            "value": 0.28,
            "currency": "GBP",
            "text": "£0.28"
          }
        },
        "objectId": "2899222",
        "brand": "Deliciously Ella",
        "attributes": {
          "suitable_for": [
            "vegan",
            "vegetarian"
          ],
          "flavour": [
            "cranberry",
            "mixed fruits",
            "nut"
          ],
          "StockOverrideMessage": "STOCK_COMING_SOON",
          "format": "bars & snacks",
          "hasPriceAdvantageDeal": false,
          "free_from": [
            "artificial colours",
            "dairy-free",
            "soya-free",
            "artificial flavours",
            "gluten-free",
            "artificial preservatives"
          ],
          "ProductReviewFlag": "1"
        },
        "variants": {
          "colours": [],
          "hasColours": false,
          "hasSizes": false
        },
        "categories": [
          [
            {
              "name": "vegan",
              "label": "vegan"
            },
            {
              "name": "health & pharmacy",
              "label": "health & pharmacy"
            },
            {
              "name": "wellness",
              "label": "wellness"
            }
          ],
          [
            {
              "name": "all vegan products",
              "label": "vegan > all vegan products"
            },
            {
              "name": "lifestyle & wellbeing",
              "label": "health & pharmacy > lifestyle & wellbeing"
            },
            {
              "name": "food & drink",
              "label": "wellness > food & drink"
            },
            {
              "name": "vegan",
              "label": "wellness > vegan"
            },
            {
              "name": "all vegan products",
              "label": "wellness > all vegan products"
            },
            {
              "name": "vegan food",
              "label": "vegan > vegan food"
            }
          ],
          [
            {
              "name": "health food",
              "label": "health & pharmacy > lifestyle & wellbeing > health food"
            },
            {
              "name": "free from",
              "label": "wellness > food & drink > free from"
            },
            {
              "name": "sweet snacks",
              "label": "wellness > food & drink > sweet snacks"
            },
            {
              "name": "vegan food",
              "label": "wellness > food & drink > vegan food"
            },
            {
              "name": "shop all",
              "label": "wellness > food & drink > shop all"
            },
            {
              "name": "sweet and savoury snacks",
              "label": "wellness > food & drink > sweet and savoury snacks"
            },
            {
              "name": "vegan food",
              "label": "wellness > vegan > vegan food"
            },
            {
              "name": "all vegan products",
              "label": "wellness > vegan > all vegan products"
            }
          ]
        ],
        "reviews": {
          "average": null,
          "count": null,
          "rounded": null
        },
        "parent": {
          "product": "2899221",
          "partNumber": "10336449.P",
          "model": "10336449",
          "manufacturerModel": "5588928"
        },
        "images": {
          "thumbnail": "https://boots.scene7.com/is/image/Boots/10336449?wid=45&hei=60&op_sharpen=1"
        },
        "offers": [
          {
            "text": "Save 20 percent on selected Deliciously Ella"
          }
        ],
        "actions": {},
        "iconUri": "https://boots.scene7.com/is/image/Boots/10336449?op_sharpen=1",
        "title": "Deliciously Ella Cashew and Cranberry, Fruit, Nut and Seed Bar - 40g",
        "referenceUri": "/deliciously-ella-cashew-and-cranberry-fruit-nut-and-seed-bar-40g-10336449",
        "canAddToBasket": "yes",
        "opticians": false,
        "inStock": true,
        "expressDelivery": false,
        "hasOtherPromotion": true,
        "channelPromotionalTextMap": {
          "-1": [
            "Save 20 percent on selected Deliciously Ella"
          ],
          "-6": [
            "Save 20 percent on selected Deliciously Ella"
          ]
        },
        "adCardPoints": 3
      },
      {
        "ppuQuantity": "43G",
        "pricing": {
          "perUnit": "£4.16 per 100G",
          "regular": {
            "value": 1.79,
            "currency": "GBP",
            "text": "£1.79"
          },
          "current": {
            "value": 1.79,
            "currency": "GBP",
            "text": "£1.79"
          }
        },
        "objectId": "2609091",
        "brand": "Loveraw",
        "attributes": {
          "suitable_for": "vegan",
          "product_type": "snacks",
          "StockOverrideMessage": "STOCK_COMING_SOON",
          "flavour": "chocolate",
          "format": "bars & snacks",
          "hasPriceAdvantageDeal": false,
          "free_from": "dairy-free",
          "ProductReviewFlag": "1"
        },
        "variants": {
          "colours": [],
          "hasColours": false,
          "hasSizes": false
        },
        "categories": [
          [
            {
              "name": "vegan",
              "label": "vegan"
            },
            {
              "name": "wellness",
              "label": "wellness"
            }
          ],
          [
            {
              "name": "all vegan products",
              "label": "vegan > all vegan products"
            },
            {
              "name": "food & drink",
              "label": "wellness > food & drink"
            },
            {
              "name": "vegan",
              "label": "wellness > vegan"
            },
            {
              "name": "all vegan products",
              "label": "wellness > all vegan products"
            },
            {
              "name": "vegan food",
              "label": "vegan > vegan food"
            }
          ],
          [
            {
              "name": "free from",
              "label": "wellness > food & drink > free from"
            },
            {
              "name": "sweet snacks",
              "label": "wellness > food & drink > sweet snacks"
            },
            {
              "name": "vegan food",
              "label": "wellness > food & drink > vegan food"
            },
            {
              "name": "shop all",
              "label": "wellness > food & drink > shop all"
            },
            {
              "name": "sweet and savoury snacks",
              "label": "wellness > food & drink > sweet and savoury snacks"
            },
            {
              "name": "vegan food",
              "label": "wellness > vegan > vegan food"
            },
            {
              "name": "all vegan products",
              "label": "wellness > vegan > all vegan products"
            }
          ]
        ],
        "reviews": {
          "average": null,
          "count": null,
          "rounded": null
        },
        "parent": {
          "product": "2609090",
          "partNumber": "10302552.P",
          "model": "10302552",
          "manufacturerModel": "7724756"
        },
        "images": {
          "thumbnail": "https://boots.scene7.com/is/image/Boots/10302552?wid=45&hei=60&op_sharpen=1"
        },
        "offers": [],
        "actions": {},
        "iconUri": "https://boots.scene7.com/is/image/Boots/10302552?op_sharpen=1",
        "title": "Love Raw Vegan Cream Filled Wafer Bar Milk Chocolate 43g",
        "referenceUri": "/love-raw-vegan-cream-filled-wafer-bar-milk-chocolate-43g-10302552",
        "canAddToBasket": "yes",
        "opticians": false,
        "inStock": true,
        "expressDelivery": false,
        "hasOtherPromotion": false,
        "channelPromotionalTextMap": {
          "-1": [],
          "-6": []
        },
        "adCardPoints": 3
      },
      {
        "ppuQuantity": "48G",
        "pricing": {
          "perUnit": "£3.73 per 100G",
          "regular": {
            "value": 1.79,
            "currency": "GBP",
            "text": "£1.79"
          },
          "current": {
            "value": 1.79,
            "currency": "GBP",
            "text": "£1.79"
          }
        },
        "objectId": "2899198",
        "brand": "Pri's Pudding",
        "attributes": {
          "suitable_for": "vegan",
          "flavour": "nut",
          "StockOverrideMessage": "STOCK_COMING_SOON",
          "format": "bars & snacks",
          "hasPriceAdvantageDeal": false,
          "free_from": "gluten-free",
          "ProductReviewFlag": "1"
        },
        "variants": {
          "colours": [],
          "hasColours": false,
          "hasSizes": false
        },
        "categories": [
          [
            {
              "name": "vegan",
              "label": "vegan"
            },
            {
              "name": "wellness",
              "label": "wellness"
            }
          ],
          [
            {
              "name": "all vegan products",
              "label": "vegan > all vegan products"
            },
            {
              "name": "food & drink",
              "label": "wellness > food & drink"
            },
            {
              "name": "vegan",
              "label": "wellness > vegan"
            },
            {
              "name": "all vegan products",
              "label": "wellness > all vegan products"
            },
            {
              "name": "vegan food",
              "label": "vegan > vegan food"
            }
          ],
          [
            {
              "name": "free from",
              "label": "wellness > food & drink > free from"
            },
            {
              "name": "sweet snacks",
              "label": "wellness > food & drink > sweet snacks"
            },
            {
              "name": "vegan food",
              "label": "wellness > food & drink > vegan food"
            },
            {
              "name": "shop all",
              "label": "wellness > food & drink > shop all"
            },
            {
              "name": "sweet and savoury snacks",
              "label": "wellness > food & drink > sweet and savoury snacks"
            },
            {
              "name": "vegan food",
              "label": "wellness > vegan > vegan food"
            },
            {
              "name": "all vegan products",
              "label": "wellness > vegan > all vegan products"
            }
          ]
        ],
        "reviews": {
          "average": null,
          "count": null,
          "rounded": null
        },
        "parent": {
          "product": "2899197",
          "partNumber": "10336437.P",
          "model": "10336437",
          "manufacturerModel": "5100224"
        },
        "images": {
          "thumbnail": "https://boots.scene7.com/is/image/Boots/10336437?wid=45&hei=60&op_sharpen=1"
        },
        "offers": [],
        "actions": {},
        "iconUri": "https://boots.scene7.com/is/image/Boots/10336437?op_sharpen=1",
        "title": "Pri Bakes Oaty Pies - Pecan Pie - 48g",
        "referenceUri": "/pri-bakes-oaty-pies-pecan-pie-48g-10336437",
        "canAddToBasket": "yes",
        "opticians": false,
        "inStock": true,
        "expressDelivery": false,
        "hasOtherPromotion": false,
        "channelPromotionalTextMap": {
          "-1": [],
          "-6": []
        },
        "adCardPoints": 3
      },
      {
        "ppuQuantity": "34G",
        "pricing": {
          "perUnit": "£5.29 per 100G",
          "regular": {
            "value": 1.8,
            "currency": "GBP",
            "text": "£1.80"
          },
          "current": {
            "value": 1.8,
            "currency": "GBP",
            "text": "£1.80"
          }
        },
        "objectId": "2905107",
        "brand": "Pip + Nut",
        "attributes": {
          "suitable_for": "vegan",
          "flavour": [
            "chocolate",
            "coffee",
            "nut"
          ],
          "StockOverrideMessage": "STOCK_COMING_SOON",
          "format": "bars & snacks",
          "hasPriceAdvantageDeal": false,
          "free_from": "dairy-free",
          "ProductReviewFlag": "1"
        },
        "variants": {
          "colours": [],
          "hasColours": false,
          "hasSizes": false
        },
        "categories": [
          [
            {
              "name": "vegan",
              "label": "vegan"
            },
            {
              "name": "wellness",
              "label": "wellness"
            }
          ],
          [
            {
              "name": "all vegan products",
              "label": "vegan > all vegan products"
            },
            {
              "name": "food & drink",
              "label": "wellness > food & drink"
            },
            {
              "name": "vegan",
              "label": "wellness > vegan"
            },
            {
              "name": "all vegan products",
              "label": "wellness > all vegan products"
            },
            {
              "name": "vegan food",
              "label": "vegan > vegan food"
            }
          ],
          [
            {
              "name": "free from",
              "label": "wellness > food & drink > free from"
            },
            {
              "name": "sweet snacks",
              "label": "wellness > food & drink > sweet snacks"
            },
            {
              "name": "vegan food",
              "label": "wellness > food & drink > vegan food"
            },
            {
              "name": "shop all",
              "label": "wellness > food & drink > shop all"
            },
            {
              "name": "sweet and savoury snacks",
              "label": "wellness > food & drink > sweet and savoury snacks"
            },
            {
              "name": "vegan food",
              "label": "wellness > vegan > vegan food"
            },
            {
              "name": "all vegan products",
              "label": "wellness > vegan > all vegan products"
            }
          ]
        ],
        "reviews": {
          "average": 4.71,
          "count": 17,
          "rounded": 4
        },
        "parent": {
          "product": "2905106",
          "partNumber": "10337227.P",
          "model": "10337227",
          "manufacturerModel": "6001971"
        },
        "images": {
          "thumbnail": "https://boots.scene7.com/is/image/Boots/10337227?wid=45&hei=60&op_sharpen=1"
        },
        "offers": [],
        "actions": {},
        "iconUri": "https://boots.scene7.com/is/image/Boots/10337227?op_sharpen=1",
        "title": "Pip & Nut Limited Edition Dark Chocolate Espresso Peanut Butter Cups - 34g",
        "referenceUri": "/pip-and-nut-limited-edition-dark-chocolate-espresso-peanut-butter-cups-34g-10337227",
        "canAddToBasket": "yes",
        "opticians": false,
        "inStock": true,
        "expressDelivery": false,
        "hasOtherPromotion": false,
        "channelPromotionalTextMap": {
          "-1": [],
          "-6": []
        },
        "adCardPoints": 3
      },
      {
        "ppuQuantity": "100G",
        "pricing": {
          "perUnit": "£3.05 per 100G",
          "regular": {
            "value": 3.59,
            "currency": "GBP",
            "text": "£3.59"
          },
          "current": {
            "value": 3.05,
            "currency": "GBP",
            "text": "£3.05"
          },
          "saving": {
            "value": 0.54,
            "currency": "GBP",
            "text": "£0.54"
          }
        },
        "objectId": "2899184",
        "brand": "Rhythm 108",
        "attributes": {
          "suitable_for": "vegan",
          "flavour": [
            "nut",
            "chocolate"
          ],
          "StockOverrideMessage": "STOCK_COMING_SOON",
          "format": "bars & snacks",
          "hasPriceAdvantageDeal": false,
          "free_from": "gluten-free",
          "ProductReviewFlag": "1"
        },
        "variants": {
          "colours": [],
          "hasColours": false,
          "hasSizes": false
        },
        "categories": [
          [
            {
              "name": "vegan",
              "label": "vegan"
            },
            {
              "name": "wellness",
              "label": "wellness"
            }
          ],
          [
            {
              "name": "vegan food",
              "label": "vegan > vegan food"
            },
            {
              "name": "food & drink",
              "label": "wellness > food & drink"
            },
            {
              "name": "vegan",
              "label": "wellness > vegan"
            }
          ],
          [
            {
              "name": "free from",
              "label": "wellness > food & drink > free from"
            },
            {
              "name": "sweet snacks",
              "label": "wellness > food & drink > sweet snacks"
            },
            {
              "name": "vegan food",
              "label": "wellness > food & drink > vegan food"
            },
            {
              "name": "sweet and savoury snacks",
              "label": "wellness > food & drink > sweet and savoury snacks"
            },
            {
              "name": "vegan food",
              "label": "wellness > vegan > vegan food"
            }
          ]
        ],
        "reviews": {
          "average": null,
          "count": null,
          "rounded": null
        },
        "parent": {
          "product": "2899183",
          "partNumber": "10336430.P",
          "model": "10336430",
          "manufacturerModel": "3437752"
        },
        "images": {
          "thumbnail": "https://boots.scene7.com/is/image/Boots/10336430?wid=45&hei=60&op_sharpen=1"
        },
        "offers": [
          {
            "text": "Save up to 20 percent on selected Rhythm 108"
          }
        ],
        "actions": {},
        "iconUri": "https://boots.scene7.com/is/image/Boots/10336430?op_sharpen=1",
        "title": "Rhythm 108 M*lk Chocolate Hazelnut Tablet - 100g",
        "referenceUri": "/rhythm-108-m*lk-chocolate-hazelnut-tablet-100g-10336430",
        "canAddToBasket": "yes",
        "opticians": false,
        "inStock": true,
        "expressDelivery": false,
        "hasOtherPromotion": true,
        "channelPromotionalTextMap": {
          "-1": [
            "Save up to 20 percent on selected Rhythm 108"
          ],
          "-6": [
            "Save up to 20 percent on selected Rhythm 108"
          ]
        },
        "adCardPoints": 9
      },
      {
        "ppuQuantity": "85G",
        "pricing": {
          "perUnit": "£3.06 per 100G",
          "regular": {
            "value": 2.6,
            "currency": "GBP",
            "text": "£2.60"
          },
          "current": {
            "value": 2.6,
            "currency": "GBP",
            "text": "£2.60"
          }
        },
        "objectId": "2754101",
        "brand": "Milky Way",
        "attributes": {
          "suitable_for": [
            "vegan",
            "vegetarian"
          ],
          "StockOverrideMessage": "STOCK_COMING_SOON",
          "format": "bars & snacks",
          "hasPriceAdvantageDeal": false,
          "free_from": [
            "gluten-free",
            "dairy-free"
          ],
          "ProductReviewFlag": "1"
        },
        "variants": {
          "colours": [],
          "hasColours": false,
          "hasSizes": false
        },
        "categories": [
          [
            {
              "name": "vegan",
              "label": "vegan"
            },
            {
              "name": "wellness",
              "label": "wellness"
            }
          ],
          [
            {
              "name": "food & drink",
              "label": "wellness > food & drink"
            },
            {
              "name": "vegan",
              "label": "wellness > vegan"
            },
            {
              "name": "all vegan products",
              "label": "wellness > all vegan products"
            },
            {
              "name": "vegan food",
              "label": "vegan > vegan food"
            },
            {
              "name": "all vegan products",
              "label": "vegan > all vegan products"
            }
          ],
          [
            {
              "name": "free from",
              "label": "wellness > food & drink > free from"
            },
            {
              "name": "sweet snacks",
              "label": "wellness > food & drink > sweet snacks"
            },
            {
              "name": "vegan food",
              "label": "wellness > food & drink > vegan food"
            },
            {
              "name": "shop all",
              "label": "wellness > food & drink > shop all"
            },
            {
              "name": "sweet and savoury snacks",
              "label": "wellness > food & drink > sweet and savoury snacks"
            },
            {
              "name": "vegan food",
              "label": "wellness > vegan > vegan food"
            },
            {
              "name": "all vegan products",
              "label": "wellness > vegan > all vegan products"
            }
          ]
        ],
        "reviews": {
          "average": null,
          "count": null,
          "rounded": null
        },
        "parent": {
          "product": "2754100",
          "partNumber": "10320758.P",
          "model": "10320758",
          "manufacturerModel": "5105323"
        },
        "images": {
          "thumbnail": "https://boots.scene7.com/is/image/Boots/10320758?wid=45&hei=60&op_sharpen=1"
        },
        "offers": [],
        "actions": {},
        "iconUri": "https://boots.scene7.com/is/image/Boots/10320758?op_sharpen=1",
        "title": "Milky Way Magic Stars Vegan Chocolate Bar 85g",
        "referenceUri": "/milky-way-magic-stars-vegan-chocolate-bar-85g-10320758",
        "canAddToBasket": "yes",
        "opticians": false,
        "inStock": true,
        "expressDelivery": false,
        "hasOtherPromotion": false,
        "channelPromotionalTextMap": {
          "-1": [],
          "-6": []
        },
        "adCardPoints": 6
      },
      {
        "ppuQuantity": "120G",
        "pricing": {
          "perUnit": "£2.92 per 100G",
          "regular": {
            "value": 3.5,
            "currency": "GBP",
            "text": "£3.50"
          },
          "current": {
            "value": 3.5,
            "currency": "GBP",
            "text": "£3.50"
          }
        },
        "objectId": "2860632",
        "brand": "Forest Feast",
        "attributes": {
          "suitable_for": "vegan",
          "flavour": "pineapple",
          "StockOverrideMessage": "STOCK_COMING_SOON",
          "format": "bars & snacks",
          "hasPriceAdvantageDeal": false,
          "free_from": "gluten-free",
          "ProductReviewFlag": "1"
        },
        "variants": {
          "colours": [],
          "hasColours": false,
          "hasSizes": false
        },
        "categories": [
          [
            {
              "name": "vegan",
              "label": "vegan"
            },
            {
              "name": "wellness",
              "label": "wellness"
            }
          ],
          [
            {
              "name": "all vegan products",
              "label": "vegan > all vegan products"
            },
            {
              "name": "food & drink",
              "label": "wellness > food & drink"
            },
            {
              "name": "vegan",
              "label": "wellness > vegan"
            },
            {
              "name": "all vegan products",
              "label": "wellness > all vegan products"
            },
            {
              "name": "vegan food",
              "label": "vegan > vegan food"
            }
          ],
          [
            {
              "name": "free from",
              "label": "wellness > food & drink > free from"
            },
            {
              "name": "sweet snacks",
              "label": "wellness > food & drink > sweet snacks"
            },
            {
              "name": "vegan food",
              "label": "wellness > food & drink > vegan food"
            },
            {
              "name": "shop all",
              "label": "wellness > food & drink > shop all"
            },
            {
              "name": "sweet and savoury snacks",
              "label": "wellness > food & drink > sweet and savoury snacks"
            },
            {
              "name": "vegan food",
              "label": "wellness > vegan > vegan food"
            },
            {
              "name": "all vegan products",
              "label": "wellness > vegan > all vegan products"
            }
          ]
        ],
        "reviews": {
          "average": null,
          "count": null,
          "rounded": null
        },
        "parent": {
          "product": "2860631",
          "partNumber": "10331687.P",
          "model": "10331687",
          "manufacturerModel": "5736064"
        },
        "images": {
          "thumbnail": "https://boots.scene7.com/is/image/Boots/10331687?wid=45&hei=60&op_sharpen=1"
        },
        "offers": [],
        "actions": {},
        "iconUri": "https://boots.scene7.com/is/image/Boots/10331687?op_sharpen=1",
        "title": "Forest Feast Tropical Pineapple - 120g",
        "referenceUri": "/forest-feast-tropical-pineapple-120g-10331687",
        "canAddToBasket": "yes",
        "opticians": false,
        "inStock": true,
        "expressDelivery": false,
        "hasOtherPromotion": false,
        "channelPromotionalTextMap": {
          "-1": [],
          "-6": []
        },
        "adCardPoints": 9
      },
      {
        "ppuQuantity": "140G",
        "pricing": {
          "perUnit": "£2.14 per 100G",
          "regular": {
            "value": 2.99,
            "currency": "GBP",
            "text": "£2.99"
          },
          "current": {
            "value": 2.99,
            "currency": "GBP",
            "text": "£2.99"
          }
        },
        "objectId": "1983992",
        "brand": "Nakd",
        "attributes": {
          "suitable_for": "vegan",
          "product_type": "snacks",
          "size": "0-10",
          "flavour": "nut",
          "StockOverrideMessage": "STOCK_COMING_SOON",
          "format": "bars & snacks",
          "hasPriceAdvantageDeal": false,
          "Reporting_Category": "nutrition",
          "free_from": [
            "dairy-free",
            "gluten-free"
          ],
          "ProductReviewFlag": "1"
        },
        "variants": {
          "colours": [],
          "hasColours": false,
          "hasSizes": false
        },
        "categories": [
          [
            {
              "name": "vegan",
              "label": "vegan"
            },
            {
              "name": "health & pharmacy",
              "label": "health & pharmacy"
            },
            {
              "name": "wellness",
              "label": "wellness"
            }
          ],
          [
            {
              "name": "all vegan products",
              "label": "vegan > all vegan products"
            },
            {
              "name": "lifestyle & wellbeing",
              "label": "health & pharmacy > lifestyle & wellbeing"
            },
            {
              "name": "food & drink",
              "label": "wellness > food & drink"
            },
            {
              "name": "vegan",
              "label": "wellness > vegan"
            },
            {
              "name": "all vegan products",
              "label": "wellness > all vegan products"
            },
            {
              "name": "vegan food",
              "label": "vegan > vegan food"
            }
          ],
          [
            {
              "name": "health food",
              "label": "health & pharmacy > lifestyle & wellbeing > health food"
            },
            {
              "name": "breakfast bars & cereals",
              "label": "wellness > food & drink > breakfast bars & cereals"
            },
            {
              "name": "free from",
              "label": "wellness > food & drink > free from"
            },
            {
              "name": "sweet snacks",
              "label": "wellness > food & drink > sweet snacks"
            },
            {
              "name": "vegan food",
              "label": "wellness > food & drink > vegan food"
            },
            {
              "name": "shop all",
              "label": "wellness > food & drink > shop all"
            },
            {
              "name": "sweet and savoury snacks",
              "label": "wellness > food & drink > sweet and savoury snacks"
            },
            {
              "name": "vegan food",
              "label": "wellness > vegan > vegan food"
            },
            {
              "name": "all vegan products",
              "label": "wellness > vegan > all vegan products"
            }
          ]
        ],
        "reviews": {
          "average": 5,
          "count": 1,
          "rounded": 5
        },
        "parent": {
          "product": "1983991",
          "partNumber": "10223271.P",
          "model": "10223271",
          "manufacturerModel": "6765416"
        },
        "images": {
          "thumbnail": "https://boots.scene7.com/is/image/Boots/10223271?wid=45&hei=60&op_sharpen=1"
        },
        "offers": [],
        "actions": {},
        "iconUri": "https://boots.scene7.com/is/image/Boots/10223271?op_sharpen=1",
        "title": "Nakd Peanut Delight - 4 x 35g",
        "referenceUri": "/nakd-peanut-butter-delight-10223271",
        "canAddToBasket": "yes",
        "opticians": false,
        "inStock": true,
        "expressDelivery": false,
        "hasOtherPromotion": false,
        "channelPromotionalTextMap": {
          "-1": [],
          "-6": []
        },
        "adCardPoints": 6
      },
      {
        "ppuQuantity": "500ML",
        "pricing": {
          "perUnit": "£0.60 per 100ML",
          "regular": {
            "value": 3.5,
            "currency": "GBP",
            "text": "£3.50"
          },
          "current": {
            "value": 3,
            "currency": "GBP",
            "text": "£3.00"
          },
          "saving": {
            "value": 0.5,
            "currency": "GBP",
            "text": "£0.50"
          }
        },
        "objectId": "2939147",
        "brand": "Huel",
        "attributes": {
          "suitable_for": "vegan",
          "product_type": "meal replacement",
          "StockOverrideMessage": "STOCK_COMING_SOON",
          "flavour": "strawberry",
          "pack_size": "200+",
          "format": "shakes",
          "hasPriceAdvantageDeal": false,
          "free_from": [
            "gluten-free",
            "dairy-free"
          ],
          "ProductReviewFlag": "1"
        },
        "variants": {
          "colours": [],
          "hasColours": false,
          "hasSizes": false
        },
        "categories": [
          [
            {
              "name": "vegan",
              "label": "vegan"
            },
            {
              "name": "health & pharmacy",
              "label": "health & pharmacy"
            },
            {
              "name": "wellness",
              "label": "wellness"
            },
            {
              "name": "new in",
              "label": "new in"
            }
          ],
          [
            {
              "name": "vegan protein & supplements",
              "label": "vegan > vegan protein & supplements"
            },
            {
              "name": "lifestyle & wellbeing",
              "label": "health & pharmacy > lifestyle & wellbeing"
            },
            {
              "name": "diet & weight management",
              "label": "wellness > diet & weight management"
            },
            {
              "name": "sports nutrition",
              "label": "wellness > sports nutrition"
            },
            {
              "name": "food & drink",
              "label": "wellness > food & drink"
            },
            {
              "name": "vegan",
              "label": "wellness > vegan"
            },
            {
              "name": "all vegan products",
              "label": "wellness > all vegan products"
            },
            {
              "name": "new in diet & weight management",
              "label": "new in > new in diet & weight management"
            },
            {
              "name": "vegan food",
              "label": "vegan > vegan food"
            },
            {
              "name": "all vegan products",
              "label": "vegan > all vegan products"
            }
          ],
          [
            {
              "name": "diet & weight management",
              "label": "health & pharmacy > lifestyle & wellbeing > diet & weight management"
            },
            {
              "name": "sports nutrition",
              "label": "health & pharmacy > lifestyle & wellbeing > sports nutrition"
            },
            {
              "name": "new in diet & weight management",
              "label": "wellness > diet & weight management > new in diet & weight management"
            },
            {
              "name": "meal replacements",
              "label": "wellness > diet & weight management > meal replacements"
            },
            {
              "name": "shop all",
              "label": "wellness > diet & weight management > shop all"
            },
            {
              "name": "drinks",
              "label": "wellness > sports nutrition > drinks"
            },
            {
              "name": "vegan protein & supplements",
              "label": "wellness > sports nutrition > vegan protein & supplements"
            },
            {
              "name": "shop all",
              "label": "wellness > sports nutrition > shop all"
            },
            {
              "name": "vegan food",
              "label": "wellness > food & drink > vegan food"
            },
            {
              "name": "vegan food",
              "label": "wellness > vegan > vegan food"
            },
            {
              "name": "all vegan products",
              "label": "wellness > vegan > all vegan products"
            },
            {
              "name": "vegan protein & supplements",
              "label": "wellness > vegan > vegan protein & supplements"
            }
          ],
          [
            {
              "name": "new in diet & weight management",
              "label": "health & pharmacy > lifestyle & wellbeing > diet & weight management > new in diet & weight management"
            },
            {
              "name": "meal replacements",
              "label": "health & pharmacy > lifestyle & wellbeing > diet & weight management > meal replacements"
            },
            {
              "name": "shop all",
              "label": "health & pharmacy > lifestyle & wellbeing > diet & weight management > shop all"
            },
            {
              "name": "drinks",
              "label": "health & pharmacy > lifestyle & wellbeing > sports nutrition > drinks"
            },
            {
              "name": "vegan protein & supplements",
              "label": "health & pharmacy > lifestyle & wellbeing > sports nutrition > vegan protein & supplements"
            },
            {
              "name": "shop all",
              "label": "health & pharmacy > lifestyle & wellbeing > sports nutrition > shop all"
            }
          ]
        ],
        "reviews": {
          "average": null,
          "count": null,
          "rounded": null
        },
        "parent": {
          "product": "2939146",
          "partNumber": "10340822.P",
          "model": "10340822",
          "manufacturerModel": "2491885"
        },
        "images": {
          "thumbnail": "https://boots.scene7.com/is/image/Boots/10340822?wid=45&hei=60&op_sharpen=1"
        },
        "offers": [
          {
            "text": "Only £3.00 on selected Huel Ready To Drink 500ml"
          }
        ],
        "actions": {},
        "iconUri": "https://boots.scene7.com/is/image/Boots/10340822?op_sharpen=1",
        "title": "Huel Ready-To-Drink Strawberries & Cream - 500ml",
        "referenceUri": "/huel-ready-to-drink-strawberries-and-cream-500ml-10340822",
        "canAddToBasket": "yes",
        "opticians": false,
        "inStock": true,
        "expressDelivery": false,
        "hasOtherPromotion": true,
        "channelPromotionalTextMap": {
          "-1": [
            "Only £3.00 on selected Huel Ready To Drink 500ml"
          ],
          "-6": [
            "Only £3.00 on selected Huel Ready To Drink 500ml"
          ]
        },
        "adCardPoints": 9
      },
      {
        "ppuQuantity": "500ML",
        "pricing": {
          "perUnit": "£0.60 per 100ML",
          "regular": {
            "value": 3.5,
            "currency": "GBP",
            "text": "£3.50"
          },
          "current": {
            "value": 3,
            "currency": "GBP",
            "text": "£3.00"
          },
          "saving": {
            "value": 0.5,
            "currency": "GBP",
            "text": "£0.50"
          }
        },
        "objectId": "2939145",
        "brand": "Huel",
        "attributes": {
          "suitable_for": "vegan",
          "product_type": "meal replacement",
          "StockOverrideMessage": "STOCK_COMING_SOON",
          "flavour": "banana",
          "pack_size": "200+",
          "format": "shakes",
          "hasPriceAdvantageDeal": false,
          "free_from": [
            "dairy-free",
            "gluten-free"
          ],
          "ProductReviewFlag": "1"
        },
        "variants": {
          "colours": [],
          "hasColours": false,
          "hasSizes": false
        },
        "categories": [
          [
            {
              "name": "vegan",
              "label": "vegan"
            },
            {
              "name": "health & pharmacy",
              "label": "health & pharmacy"
            },
            {
              "name": "wellness",
              "label": "wellness"
            },
            {
              "name": "new in",
              "label": "new in"
            }
          ],
          [
            {
              "name": "vegan protein & supplements",
              "label": "vegan > vegan protein & supplements"
            },
            {
              "name": "lifestyle & wellbeing",
              "label": "health & pharmacy > lifestyle & wellbeing"
            },
            {
              "name": "diet & weight management",
              "label": "wellness > diet & weight management"
            },
            {
              "name": "sports nutrition",
              "label": "wellness > sports nutrition"
            },
            {
              "name": "food & drink",
              "label": "wellness > food & drink"
            },
            {
              "name": "vegan",
              "label": "wellness > vegan"
            },
            {
              "name": "all vegan products",
              "label": "wellness > all vegan products"
            },
            {
              "name": "new in diet & weight management",
              "label": "new in > new in diet & weight management"
            },
            {
              "name": "vegan food",
              "label": "vegan > vegan food"
            },
            {
              "name": "all vegan products",
              "label": "vegan > all vegan products"
            }
          ],
          [
            {
              "name": "diet & weight management",
              "label": "health & pharmacy > lifestyle & wellbeing > diet & weight management"
            },
            {
              "name": "sports nutrition",
              "label": "health & pharmacy > lifestyle & wellbeing > sports nutrition"
            },
            {
              "name": "new in diet & weight management",
              "label": "wellness > diet & weight management > new in diet & weight management"
            },
            {
              "name": "meal replacements",
              "label": "wellness > diet & weight management > meal replacements"
            },
            {
              "name": "shop all",
              "label": "wellness > diet & weight management > shop all"
            },
            {
              "name": "drinks",
              "label": "wellness > sports nutrition > drinks"
            },
            {
              "name": "vegan protein & supplements",
              "label": "wellness > sports nutrition > vegan protein & supplements"
            },
            {
              "name": "shop all",
              "label": "wellness > sports nutrition > shop all"
            },
            {
              "name": "vegan food",
              "label": "wellness > food & drink > vegan food"
            },
            {
              "name": "vegan food",
              "label": "wellness > vegan > vegan food"
            },
            {
              "name": "all vegan products",
              "label": "wellness > vegan > all vegan products"
            },
            {
              "name": "vegan protein & supplements",
              "label": "wellness > vegan > vegan protein & supplements"
            }
          ],
          [
            {
              "name": "new in diet & weight management",
              "label": "health & pharmacy > lifestyle & wellbeing > diet & weight management > new in diet & weight management"
            },
            {
              "name": "meal replacements",
              "label": "health & pharmacy > lifestyle & wellbeing > diet & weight management > meal replacements"
            },
            {
              "name": "shop all",
              "label": "health & pharmacy > lifestyle & wellbeing > diet & weight management > shop all"
            },
            {
              "name": "drinks",
              "label": "health & pharmacy > lifestyle & wellbeing > sports nutrition > drinks"
            },
            {
              "name": "vegan protein & supplements",
              "label": "health & pharmacy > lifestyle & wellbeing > sports nutrition > vegan protein & supplements"
            },
            {
              "name": "shop all",
              "label": "health & pharmacy > lifestyle & wellbeing > sports nutrition > shop all"
            }
          ]
        ],
        "reviews": {
          "average": null,
          "count": null,
          "rounded": null
        },
        "parent": {
          "product": "2939144",
          "partNumber": "10340821.P",
          "model": "10340821",
          "manufacturerModel": "2491869"
        },
        "images": {
          "thumbnail": "https://boots.scene7.com/is/image/Boots/10340821?wid=45&hei=60&op_sharpen=1"
        },
        "offers": [
          {
            "text": "Only £3.00 on selected Huel Ready To Drink 500ml"
          }
        ],
        "actions": {},
        "iconUri": "https://boots.scene7.com/is/image/Boots/10340821?op_sharpen=1",
        "title": "Huel Ready-To-Drink Banana - 500ml",
        "referenceUri": "/huel-ready-to-drink-banana-500ml-10340821",
        "canAddToBasket": "yes",
        "opticians": false,
        "inStock": true,
        "expressDelivery": false,
        "hasOtherPromotion": true,
        "channelPromotionalTextMap": {
          "-1": [
            "Only £3.00 on selected Huel Ready To Drink 500ml"
          ],
          "-6": [
            "Only £3.00 on selected Huel Ready To Drink 500ml"
          ]
        },
        "adCardPoints": 9
      },
      {
        "ppuQuantity": "60G",
        "pricing": {
          "perUnit": "£4.17 per 100G",
          "regular": {
            "value": 2.5,
            "currency": "GBP",
            "text": "£2.50"
          },
          "current": {
            "value": 2.5,
            "currency": "GBP",
            "text": "£2.50"
          }
        },
        "objectId": "2446467",
        "brand": "Organix",
        "attributes": {
          "suitable_for": [
            "vegetarian",
            "vegan"
          ],
          "product_type": "snacks",
          "suitable_from": "7 months",
          "hasPriceAdvantageDeal": false,
          "Reporting_Category": "baby",
          "ProductReviewFlag": "1"
        },
        "variants": {
          "colours": [],
          "hasColours": false,
          "hasSizes": false
        },
        "categories": [
          [
            {
              "name": "vegan",
              "label": "vegan"
            },
            {
              "name": "baby & child",
              "label": "baby & child"
            },
            {
              "name": "wellness",
              "label": "wellness"
            }
          ],
          [
            {
              "name": "all vegan products",
              "label": "vegan > all vegan products"
            },
            {
              "name": "feeding",
              "label": "baby & child > feeding"
            },
            {
              "name": "food & drink",
              "label": "wellness > food & drink"
            },
            {
              "name": "vegan",
              "label": "wellness > vegan"
            },
            {
              "name": "all vegan products",
              "label": "wellness > all vegan products"
            },
            {
              "name": "vegan food",
              "label": "vegan > vegan food"
            }
          ],
          [
            {
              "name": "baby & toddler food ",
              "label": "baby & child > feeding > baby & toddler food "
            },
            {
              "name": "vegan food",
              "label": "wellness > food & drink > vegan food"
            },
            {
              "name": "vegan food",
              "label": "wellness > vegan > vegan food"
            },
            {
              "name": "all vegan products",
              "label": "wellness > vegan > all vegan products"
            }
          ]
        ],
        "reviews": {
          "average": 5,
          "count": 23,
          "rounded": 5
        },
        "parent": {
          "product": "2446466",
          "partNumber": "10287167.P",
          "model": "10287167",
          "manufacturerModel": "8686149"
        },
        "images": {
          "thumbnail": "https://boots.scene7.com/is/image/Boots/10287167?wid=45&hei=60&op_sharpen=1"
        },
        "offers": [
          {
            "text": "Use code BABYSAVE15 to save 15 percent when you spend £40 on selected baby and child - online only\n"
          }
        ],
        "actions": {},
        "iconUri": "https://boots.scene7.com/is/image/Boots/10287167?op_sharpen=1",
        "title": "Organix Melty Veggie Sticks Organic Baby Finger Food Snack Multipack 4 x 15g",
        "referenceUri": "/organix-melty-veggie-sticks-organic-baby-finger-food-snack-multipack-4x15g-10287167",
        "canAddToBasket": "yes",
        "opticians": false,
        "inStock": true,
        "expressDelivery": false,
        "hasOtherPromotion": true,
        "channelPromotionalTextMap": {
          "-1": [
            "Use code BABYSAVE15 to save 15 percent when you spend £40 on selected baby and child - online only\n"
          ],
          "-6": [
            "Use code BABYSAVE15 to save 15 percent when you spend £40 on selected baby and child - online only\n"
          ]
        },
        "adCardPoints": 6
      },
      {
        "ppuQuantity": "1000ML",
        "pricing": {
          "perUnit": "£0.65 per 100ML",
          "regular": {
            "value": 6.5,
            "currency": "GBP",
            "text": "£6.50"
          },
          "current": {
            "value": 6.5,
            "currency": "GBP",
            "text": "£6.50"
          }
        },
        "objectId": "2843894",
        "brand": "TRIP",
        "attributes": {
          "suitable_for": "vegan",
          "StockOverrideMessage": "STOCK_COMING_SOON",
          "flavour": [
            "ginger",
            "peach"
          ],
          "hasPriceAdvantageDeal": false,
          "free_from": [
            "dairy-free",
            "artificial flavours",
            "gluten-free"
          ],
          "ProductReviewFlag": "1"
        },
        "variants": {
          "colours": [],
          "hasColours": false,
          "hasSizes": false
        },
        "categories": [
          [
            {
              "name": "vegan",
              "label": "vegan"
            },
            {
              "name": "health & pharmacy",
              "label": "health & pharmacy"
            },
            {
              "name": "wellness",
              "label": "wellness"
            }
          ],
          [
            {
              "name": "all vegan products",
              "label": "vegan > all vegan products"
            },
            {
              "name": "lifestyle & wellbeing",
              "label": "health & pharmacy > lifestyle & wellbeing"
            },
            {
              "name": "vitamins & supplements",
              "label": "health & pharmacy > vitamins & supplements"
            },
            {
              "name": "vitamins & supplements",
              "label": "wellness > vitamins & supplements"
            },
            {
              "name": "diet & weight management",
              "label": "wellness > diet & weight management"
            },
            {
              "name": "food & drink",
              "label": "wellness > food & drink"
            },
            {
              "name": "alternative therapies",
              "label": "wellness > alternative therapies"
            },
            {
              "name": "vegan",
              "label": "wellness > vegan"
            },
            {
              "name": "all vegan products",
              "label": "wellness > all vegan products"
            },
            {
              "name": "CBD",
              "label": "wellness > CBD"
            },
            {
              "name": "vegan food",
              "label": "vegan > vegan food"
            }
          ],
          [
            {
              "name": "diet & weight management",
              "label": "health & pharmacy > lifestyle & wellbeing > diet & weight management"
            },
            {
              "name": "alternative therapies",
              "label": "health & pharmacy > lifestyle & wellbeing > alternative therapies"
            },
            {
              "name": "shop by ingredient",
              "label": "health & pharmacy > vitamins & supplements > shop by ingredient"
            },
            {
              "name": "shop by ingredient",
              "label": "wellness > vitamins & supplements > shop by ingredient"
            },
            {
              "name": "CBD",
              "label": "health & pharmacy > vitamins & supplements > CBD"
            },
            {
              "name": "shop all",
              "label": "wellness > diet & weight management > shop all"
            },
            {
              "name": "CBD",
              "label": "wellness > vitamins & supplements > CBD"
            },
            {
              "name": "vegan food",
              "label": "wellness > food & drink > vegan food"
            },
            {
              "name": "CBD",
              "label": "wellness > alternative therapies > CBD"
            },
            {
              "name": "shop all",
              "label": "wellness > alternative therapies > shop all"
            },
            {
              "name": "vegan food",
              "label": "wellness > vegan > vegan food"
            },
            {
              "name": "all vegan products",
              "label": "wellness > vegan > all vegan products"
            }
          ],
          [
            {
              "name": "shop all",
              "label": "health & pharmacy > lifestyle & wellbeing > diet & weight management > shop all"
            },
            {
              "name": "CBD",
              "label": "health & pharmacy > lifestyle & wellbeing > alternative therapies > CBD"
            },
            {
              "name": "shop all",
              "label": "health & pharmacy > lifestyle & wellbeing > alternative therapies > shop all"
            },
            {
              "name": "CBD",
              "label": "health & pharmacy > vitamins & supplements > shop by ingredient > CBD"
            },
            {
              "name": "CBD",
              "label": "wellness > vitamins & supplements > shop by ingredient > CBD"
            }
          ]
        ],
        "reviews": {
          "average": 4.44,
          "count": 55,
          "rounded": 4
        },
        "parent": {
          "product": "2843893",
          "partNumber": "10329412.P",
          "model": "10329412",
          "manufacturerModel": "5590817"
        },
        "images": {
          "thumbnail": "https://boots.scene7.com/is/image/Boots/10329412?wid=45&hei=60&op_sharpen=1"
        },
        "offers": [],
        "actions": {},
        "iconUri": "https://boots.scene7.com/is/image/Boots/10329412?op_sharpen=1",
        "title": "TRIP CBD Peach Ginger Drink - 4 x 250ml Multipack",
        "referenceUri": "/trip-cbd-peach-ginger-drink-4-x-250ml-multipack-10329412",
        "canAddToBasket": "yes",
        "opticians": false,
        "inStock": true,
        "expressDelivery": false,
        "hasOtherPromotion": false,
        "channelPromotionalTextMap": {
          "-1": [],
          "-6": []
        },
        "adCardPoints": 18
      },
      {
        "ppuQuantity": "120UNI",
        "pricing": {
          "perUnit": "£0.11 per 1UNI",
          "regular": {
            "value": 12.99,
            "currency": "GBP",
            "text": "£12.99"
          },
          "current": {
            "value": 12.99,
            "currency": "GBP",
            "text": "£12.99"
          }
        },
        "objectId": "2380666",
        "brand": "Milkaid",
        "attributes": {
          "suitable_for": [
            "vegan",
            "vegetarian"
          ],
          "product_type": "food supplements",
          "flavour": "raspberry",
          "StockOverrideMessage": "STOCK_COMING_SOON",
          "format": "tablet",
          "hasPriceAdvantageDeal": false,
          "free_from": [
            "artificial colours",
            "gluten-free"
          ],
          "ProductReviewFlag": "1"
        },
        "variants": {
          "colours": [],
          "hasColours": false,
          "hasSizes": false
        },
        "categories": [
          [
            {
              "name": "vegan",
              "label": "vegan"
            },
            {
              "name": "health & pharmacy",
              "label": "health & pharmacy"
            },
            {
              "name": "wellness",
              "label": "wellness"
            }
          ],
          [
            {
              "name": "all vegan products",
              "label": "vegan > all vegan products"
            },
            {
              "name": "vitamins & supplements",
              "label": "health & pharmacy > vitamins & supplements"
            },
            {
              "name": "vitamins & supplements",
              "label": "wellness > vitamins & supplements"
            },
            {
              "name": "food & drink",
              "label": "wellness > food & drink"
            },
            {
              "name": "vegan",
              "label": "wellness > vegan"
            },
            {
              "name": "digestive health",
              "label": "wellness > digestive health"
            },
            {
              "name": "all vegan products",
              "label": "wellness > all vegan products"
            },
            {
              "name": "vegan food",
              "label": "vegan > vegan food"
            }
          ],
          [
            {
              "name": "digestive health",
              "label": "health & pharmacy > vitamins & supplements > digestive health"
            },
            {
              "name": "digestive health",
              "label": "wellness > vitamins & supplements > digestive health"
            },
            {
              "name": "vegan food",
              "label": "wellness > food & drink > vegan food"
            },
            {
              "name": "vegan food",
              "label": "wellness > vegan > vegan food"
            },
            {
              "name": "all vegan products",
              "label": "wellness > vegan > all vegan products"
            }
          ]
        ],
        "reviews": {
          "average": 4.09,
          "count": 22,
          "rounded": 4
        },
        "parent": {
          "product": "2380665",
          "partNumber": "10278443.P",
          "model": "10278443",
          "manufacturerModel": "8049459"
        },
        "images": {
          "thumbnail": "https://boots.scene7.com/is/image/Boots/10278443?wid=45&hei=60&op_sharpen=1"
        },
        "offers": [
          {
            "text": "3 for 2 on selected Vitamins and Supplements - cheapest free"
          }
        ],
        "actions": {},
        "iconUri": "https://boots.scene7.com/is/image/Boots/10278443?op_sharpen=1",
        "title": "Milkaid Lactase Enzyme Supplement - 120 Tablets",
        "referenceUri": "/milkaid-lactase-enzyme-supplement-120-tablets-10278443",
        "canAddToBasket": "yes",
        "opticians": false,
        "inStock": true,
        "expressDelivery": false,
        "hasOtherPromotion": true,
        "channelPromotionalTextMap": {
          "-1": [
            "3 for 2 on selected Vitamins and Supplements - cheapest free"
          ],
          "-6": [
            "3 for 2 on selected Vitamins and Supplements - cheapest free"
          ]
        },
        "adCardPoints": 36
      },
      {
        "ppuQuantity": "1000ML",
        "pricing": {
          "perUnit": "£0.65 per 100ML",
          "regular": {
            "value": 6.5,
            "currency": "GBP",
            "text": "£6.50"
          },
          "current": {
            "value": 6.5,
            "currency": "GBP",
            "text": "£6.50"
          }
        },
        "objectId": "2843892",
        "brand": "TRIP",
        "attributes": {
          "suitable_for": "vegan",
          "StockOverrideMessage": "STOCK_COMING_SOON",
          "flavour": "mint",
          "hasPriceAdvantageDeal": false,
          "free_from": [
            "dairy-free",
            "artificial flavours",
            "gluten-free"
          ],
          "ProductReviewFlag": "1"
        },
        "variants": {
          "colours": [],
          "hasColours": false,
          "hasSizes": false
        },
        "categories": [
          [
            {
              "name": "vegan",
              "label": "vegan"
            },
            {
              "name": "health & pharmacy",
              "label": "health & pharmacy"
            },
            {
              "name": "wellness",
              "label": "wellness"
            }
          ],
          [
            {
              "name": "all vegan products",
              "label": "vegan > all vegan products"
            },
            {
              "name": "lifestyle & wellbeing",
              "label": "health & pharmacy > lifestyle & wellbeing"
            },
            {
              "name": "vitamins & supplements",
              "label": "health & pharmacy > vitamins & supplements"
            },
            {
              "name": "vitamins & supplements",
              "label": "wellness > vitamins & supplements"
            },
            {
              "name": "diet & weight management",
              "label": "wellness > diet & weight management"
            },
            {
              "name": "food & drink",
              "label": "wellness > food & drink"
            },
            {
              "name": "alternative therapies",
              "label": "wellness > alternative therapies"
            },
            {
              "name": "vegan",
              "label": "wellness > vegan"
            },
            {
              "name": "all vegan products",
              "label": "wellness > all vegan products"
            },
            {
              "name": "CBD",
              "label": "wellness > CBD"
            },
            {
              "name": "vegan food",
              "label": "vegan > vegan food"
            }
          ],
          [
            {
              "name": "diet & weight management",
              "label": "health & pharmacy > lifestyle & wellbeing > diet & weight management"
            },
            {
              "name": "alternative therapies",
              "label": "health & pharmacy > lifestyle & wellbeing > alternative therapies"
            },
            {
              "name": "shop by ingredient",
              "label": "health & pharmacy > vitamins & supplements > shop by ingredient"
            },
            {
              "name": "shop by ingredient",
              "label": "wellness > vitamins & supplements > shop by ingredient"
            },
            {
              "name": "CBD",
              "label": "health & pharmacy > vitamins & supplements > CBD"
            },
            {
              "name": "shop all",
              "label": "wellness > diet & weight management > shop all"
            },
            {
              "name": "CBD",
              "label": "wellness > vitamins & supplements > CBD"
            },
            {
              "name": "vegan food",
              "label": "wellness > food & drink > vegan food"
            },
            {
              "name": "CBD",
              "label": "wellness > alternative therapies > CBD"
            },
            {
              "name": "shop all",
              "label": "wellness > alternative therapies > shop all"
            },
            {
              "name": "vegan food",
              "label": "wellness > vegan > vegan food"
            },
            {
              "name": "all vegan products",
              "label": "wellness > vegan > all vegan products"
            }
          ],
          [
            {
              "name": "shop all",
              "label": "health & pharmacy > lifestyle & wellbeing > diet & weight management > shop all"
            },
            {
              "name": "CBD",
              "label": "health & pharmacy > lifestyle & wellbeing > alternative therapies > CBD"
            },
            {
              "name": "shop all",
              "label": "health & pharmacy > lifestyle & wellbeing > alternative therapies > shop all"
            },
            {
              "name": "CBD",
              "label": "health & pharmacy > vitamins & supplements > shop by ingredient > CBD"
            },
            {
              "name": "CBD",
              "label": "wellness > vitamins & supplements > shop by ingredient > CBD"
            }
          ]
        ],
        "reviews": {
          "average": 4.45,
          "count": 62,
          "rounded": 4
        },
        "parent": {
          "product": "2843891",
          "partNumber": "10329411.P",
          "model": "10329411",
          "manufacturerModel": "5590809"
        },
        "images": {
          "thumbnail": "https://boots.scene7.com/is/image/Boots/10329411?wid=45&hei=60&op_sharpen=1"
        },
        "offers": [],
        "actions": {},
        "iconUri": "https://boots.scene7.com/is/image/Boots/10329411?op_sharpen=1",
        "title": "TRIP CBD Elderflower Mint Drink - 4 x 250ml Multipack",
        "referenceUri": "/trip-cbd-elderflower-mint-drink-4-x-250ml-multipack-10329411",
        "canAddToBasket": "yes",
        "opticians": false,
        "inStock": true,
        "expressDelivery": false,
        "hasOtherPromotion": false,
        "channelPromotionalTextMap": {
          "-1": [],
          "-6": []
        },
        "adCardPoints": 18
      },
      {
        "ppuQuantity": "35G",
        "pricing": {
          "perUnit": "£3.71 per 100G",
          "regular": {
            "value": 1.3,
            "currency": "GBP",
            "text": "£1.30"
          },
          "current": {
            "value": 1.3,
            "currency": "GBP",
            "text": "£1.30"
          }
        },
        "objectId": "2860628",
        "brand": "The Gut Stuff",
        "attributes": {
          "suitable_for": "vegan",
          "product_type": "snacks",
          "flavour": "caramel",
          "StockOverrideMessage": "STOCK_COMING_SOON",
          "format": "bars & snacks",
          "hasPriceAdvantageDeal": false,
          "free_from": [
            "gluten-free",
            "artificial preservatives"
          ],
          "ProductReviewFlag": "1"
        },
        "variants": {
          "colours": [],
          "hasColours": false,
          "hasSizes": false
        },
        "categories": [
          [
            {
              "name": "vegan",
              "label": "vegan"
            },
            {
              "name": "wellness",
              "label": "wellness"
            },
            {
              "name": "health & pharmacy",
              "label": "health & pharmacy"
            },
            {
              "name": "new in",
              "label": "new in"
            }
          ],
          [
            {
              "name": "vegan food",
              "label": "vegan > vegan food"
            },
            {
              "name": "food & drink",
              "label": "wellness > food & drink"
            },
            {
              "name": "vegan",
              "label": "wellness > vegan"
            },
            {
              "name": "new in health",
              "label": "health & pharmacy > new in health"
            },
            {
              "name": "new in health",
              "label": "new in > new in health"
            }
          ],
          [
            {
              "name": "free from",
              "label": "wellness > food & drink > free from"
            },
            {
              "name": "sweet snacks",
              "label": "wellness > food & drink > sweet snacks"
            },
            {
              "name": "vegan food",
              "label": "wellness > food & drink > vegan food"
            },
            {
              "name": "shop all",
              "label": "wellness > food & drink > shop all"
            },
            {
              "name": "sweet and savoury snacks",
              "label": "wellness > food & drink > sweet and savoury snacks"
            },
            {
              "name": "vegan food",
              "label": "wellness > vegan > vegan food"
            }
          ]
        ],
        "reviews": {
          "average": null,
          "count": null,
          "rounded": null
        },
        "parent": {
          "product": "2860627",
          "partNumber": "10331677.P",
          "model": "10331677",
          "manufacturerModel": "5735947"
        },
        "images": {
          "thumbnail": "https://boots.scene7.com/is/image/Boots/10331677?wid=45&hei=60&op_sharpen=1"
        },
        "offers": [
          {
            "text": "3 For £3 on selected The Gut Stuff"
          }
        ],
        "actions": {},
        "iconUri": "https://boots.scene7.com/is/image/Boots/10331677?op_sharpen=1",
        "title": "The Gut Stuff Sea Salt & Caramel High Fibre Fruit & Nut Bar - 35g",
        "referenceUri": "/the-gut-stuff-sea-salt-and-caramel-high-fibre-fruit-and-nut-bar-35g-10331677",
        "canAddToBasket": "yes",
        "opticians": false,
        "inStock": true,
        "expressDelivery": false,
        "hasOtherPromotion": true,
        "channelPromotionalTextMap": {
          "-1": [
            "3 For £3 on selected The Gut Stuff"
          ],
          "-6": [
            "3 For £3 on selected The Gut Stuff"
          ]
        },
        "adCardPoints": 3
      },
      {
        "ppuQuantity": "25G",
        "pricing": {
          "perUnit": "£5.00 per 100G",
          "regular": {
            "value": 1.25,
            "currency": "GBP",
            "text": "£1.25"
          },
          "current": {
            "value": 1.25,
            "currency": "GBP",
            "text": "£1.25"
          }
        },
        "objectId": "2784107",
        "brand": "Organix",
        "attributes": {
          "product_type": "snacks",
          "StockOverrideMessage": "STOCK_COMING_SOON",
          "suitable_from": "6 months",
          "meal_type": "finger food",
          "hasPriceAdvantageDeal": false,
          "ProductReviewFlag": "1"
        },
        "variants": {
          "colours": [],
          "hasColours": false,
          "hasSizes": false
        },
        "categories": [
          [
            {
              "name": "vegan",
              "label": "vegan"
            },
            {
              "name": "baby & child",
              "label": "baby & child"
            },
            {
              "name": "wellness",
              "label": "wellness"
            }
          ],
          [
            {
              "name": "all vegan products",
              "label": "vegan > all vegan products"
            },
            {
              "name": "feeding",
              "label": "baby & child > feeding"
            },
            {
              "name": "food & drink",
              "label": "wellness > food & drink"
            },
            {
              "name": "vegan",
              "label": "wellness > vegan"
            },
            {
              "name": "all vegan products",
              "label": "wellness > all vegan products"
            },
            {
              "name": "vegan food",
              "label": "vegan > vegan food"
            }
          ],
          [
            {
              "name": "baby & toddler food ",
              "label": "baby & child > feeding > baby & toddler food "
            },
            {
              "name": "vegan food",
              "label": "wellness > food & drink > vegan food"
            },
            {
              "name": "vegan food",
              "label": "wellness > vegan > vegan food"
            },
            {
              "name": "all vegan products",
              "label": "wellness > vegan > all vegan products"
            }
          ]
        ],
        "reviews": {
          "average": 5,
          "count": 2,
          "rounded": 5
        },
        "parent": {
          "product": "2784106",
          "partNumber": "10323054.P",
          "model": "10323054",
          "manufacturerModel": "5274095"
        },
        "images": {
          "thumbnail": "https://boots.scene7.com/is/image/Boots/10323054?wid=45&hei=60&op_sharpen=1"
        },
        "offers": [
          {
            "text": "Use code BABYSAVE15 to save 15 percent when you spend £40 on selected baby and child - online only\n"
          }
        ],
        "actions": {},
        "iconUri": "https://boots.scene7.com/is/image/Boots/10323054?op_sharpen=1",
        "title": "Organix Banana Weaning Wands Organic Baby Puffs 25g 6 months+",
        "referenceUri": "/organixweaning-wands-banana-25g-10323054",
        "canAddToBasket": "yes",
        "opticians": false,
        "inStock": true,
        "expressDelivery": false,
        "hasOtherPromotion": true,
        "channelPromotionalTextMap": {
          "-1": [
            "Use code BABYSAVE15 to save 15 percent when you spend £40 on selected baby and child - online only\n"
          ],
          "-6": [
            "Use code BABYSAVE15 to save 15 percent when you spend £40 on selected baby and child - online only\n"
          ]
        },
        "adCardPoints": 3
      },
      {
        "ppuQuantity": "500ML",
        "pricing": {
          "perUnit": "£0.60 per 100ML",
          "regular": {
            "value": 3.5,
            "currency": "GBP",
            "text": "£3.50"
          },
          "current": {
            "value": 3,
            "currency": "GBP",
            "text": "£3.00"
          },
          "saving": {
            "value": 0.5,
            "currency": "GBP",
            "text": "£0.50"
          }
        },
        "objectId": "2360421",
        "brand": "Huel",
        "attributes": {
          "suitable_for": "vegan",
          "product_type": "meal replacement",
          "flavour": "vanilla",
          "StockOverrideMessage": "STOCK_COMING_SOON",
          "pack_size": "200+",
          "format": "shakes",
          "hasPriceAdvantageDeal": false,
          "free_from": "dairy-free",
          "ProductReviewFlag": "1"
        },
        "variants": {
          "colours": [],
          "hasColours": false,
          "hasSizes": false
        },
        "categories": [
          [
            {
              "name": "vegan",
              "label": "vegan"
            },
            {
              "name": "health & pharmacy",
              "label": "health & pharmacy"
            },
            {
              "name": "wellness",
              "label": "wellness"
            },
            {
              "name": "new in",
              "label": "new in"
            }
          ],
          [
            {
              "name": "vegan protein & supplements",
              "label": "vegan > vegan protein & supplements"
            },
            {
              "name": "lifestyle & wellbeing",
              "label": "health & pharmacy > lifestyle & wellbeing"
            },
            {
              "name": "diet & weight management",
              "label": "wellness > diet & weight management"
            },
            {
              "name": "sports nutrition",
              "label": "wellness > sports nutrition"
            },
            {
              "name": "food & drink",
              "label": "wellness > food & drink"
            },
            {
              "name": "vegan",
              "label": "wellness > vegan"
            },
            {
              "name": "all vegan products",
              "label": "wellness > all vegan products"
            },
            {
              "name": "new in diet & weight management",
              "label": "new in > new in diet & weight management"
            },
            {
              "name": "vegan food",
              "label": "vegan > vegan food"
            },
            {
              "name": "all vegan products",
              "label": "vegan > all vegan products"
            }
          ],
          [
            {
              "name": "diet & weight management",
              "label": "health & pharmacy > lifestyle & wellbeing > diet & weight management"
            },
            {
              "name": "sports nutrition",
              "label": "health & pharmacy > lifestyle & wellbeing > sports nutrition"
            },
            {
              "name": "new in diet & weight management",
              "label": "wellness > diet & weight management > new in diet & weight management"
            },
            {
              "name": "meal replacements",
              "label": "wellness > diet & weight management > meal replacements"
            },
            {
              "name": "shop all",
              "label": "wellness > diet & weight management > shop all"
            },
            {
              "name": "drinks",
              "label": "wellness > sports nutrition > drinks"
            },
            {
              "name": "vegan protein & supplements",
              "label": "wellness > sports nutrition > vegan protein & supplements"
            },
            {
              "name": "shop all",
              "label": "wellness > sports nutrition > shop all"
            },
            {
              "name": "vegan food",
              "label": "wellness > food & drink > vegan food"
            },
            {
              "name": "vegan food",
              "label": "wellness > vegan > vegan food"
            },
            {
              "name": "all vegan products",
              "label": "wellness > vegan > all vegan products"
            },
            {
              "name": "vegan protein & supplements",
              "label": "wellness > vegan > vegan protein & supplements"
            }
          ],
          [
            {
              "name": "new in diet & weight management",
              "label": "health & pharmacy > lifestyle & wellbeing > diet & weight management > new in diet & weight management"
            },
            {
              "name": "meal replacements",
              "label": "health & pharmacy > lifestyle & wellbeing > diet & weight management > meal replacements"
            },
            {
              "name": "shop all",
              "label": "health & pharmacy > lifestyle & wellbeing > diet & weight management > shop all"
            },
            {
              "name": "drinks",
              "label": "health & pharmacy > lifestyle & wellbeing > sports nutrition > drinks"
            },
            {
              "name": "vegan protein & supplements",
              "label": "health & pharmacy > lifestyle & wellbeing > sports nutrition > vegan protein & supplements"
            },
            {
              "name": "shop all",
              "label": "health & pharmacy > lifestyle & wellbeing > sports nutrition > shop all"
            }
          ]
        ],
        "reviews": {
          "average": null,
          "count": null,
          "rounded": null
        },
        "parent": {
          "product": "2360420",
          "partNumber": "10276137.P",
          "model": "10276137",
          "manufacturerModel": "8772398"
        },
        "images": {
          "thumbnail": "https://boots.scene7.com/is/image/Boots/10276137?wid=45&hei=60&op_sharpen=1"
        },
        "offers": [
          {
            "text": "Only £3.00 on selected Huel Ready To Drink 500ml"
          }
        ],
        "actions": {},
        "iconUri": "https://boots.scene7.com/is/image/Boots/10276137?op_sharpen=1",
        "title": "Huel Ready To Drink Vanilla - 500ml",
        "referenceUri": "/huel-ready-to-drink-vanilla-500ml-10276137",
        "canAddToBasket": "yes",
        "opticians": false,
        "inStock": true,
        "expressDelivery": false,
        "hasOtherPromotion": true,
        "channelPromotionalTextMap": {
          "-1": [
            "Only £3.00 on selected Huel Ready To Drink 500ml"
          ],
          "-6": [
            "Only £3.00 on selected Huel Ready To Drink 500ml"
          ]
        },
        "adCardPoints": 9
      },
      {
        "ppuQuantity": "20UNI",
        "pricing": {
          "perUnit": "£0.13 per 1UNI",
          "regular": {
            "value": 2.69,
            "currency": "GBP",
            "text": "£2.69"
          },
          "current": {
            "value": 2.69,
            "currency": "GBP",
            "text": "£2.69"
          }
        },
        "objectId": "2646591",
        "brand": "Twinings",
        "attributes": {
          "suitable_for": [
            "vegan",
            "vegetarian"
          ],
          "product_type": "tea",
          "StockOverrideMessage": "STOCK_COMING_SOON",
          "flavour": "vanilla",
          "size": "11-20",
          "format": "bag",
          "hasPriceAdvantageDeal": false,
          "Reporting_Category": "nutrition",
          "ingredients": "vitamin b3",
          "free_from": [
            "caffeine-free",
            "sugar-free"
          ],
          "ProductReviewFlag": "1"
        },
        "variants": {
          "colours": [],
          "hasColours": false,
          "hasSizes": false
        },
        "categories": [
          [
            {
              "name": "vegan",
              "label": "vegan"
            },
            {
              "name": "wellness",
              "label": "wellness"
            }
          ],
          [
            {
              "name": "all vegan products",
              "label": "vegan > all vegan products"
            },
            {
              "name": "food & drink",
              "label": "wellness > food & drink"
            },
            {
              "name": "vegan",
              "label": "wellness > vegan"
            },
            {
              "name": "all vegan products",
              "label": "wellness > all vegan products"
            },
            {
              "name": "vegan food",
              "label": "vegan > vegan food"
            }
          ],
          [
            {
              "name": "drinks & teas",
              "label": "wellness > food & drink > drinks & teas"
            },
            {
              "name": "vegan food",
              "label": "wellness > food & drink > vegan food"
            },
            {
              "name": "shop all",
              "label": "wellness > food & drink > shop all"
            },
            {
              "name": "vegan food",
              "label": "wellness > vegan > vegan food"
            },
            {
              "name": "all vegan products",
              "label": "wellness > vegan > all vegan products"
            }
          ]
        ],
        "reviews": {
          "average": 5,
          "count": 1,
          "rounded": 5
        },
        "parent": {
          "product": "2646590",
          "partNumber": "10307553.P",
          "model": "10307553",
          "manufacturerModel": "8714800"
        },
        "images": {
          "thumbnail": "https://boots.scene7.com/is/image/Boots/10307553?wid=45&hei=60&op_sharpen=1"
        },
        "offers": [],
        "actions": {},
        "iconUri": "https://boots.scene7.com/is/image/Boots/10307553?op_sharpen=1",
        "title": "Twinings Moment of Calm 20s",
        "referenceUri": "/twinings-moment-of-calm-20s-10307553",
        "canAddToBasket": "yes",
        "opticians": false,
        "inStock": true,
        "expressDelivery": false,
        "hasOtherPromotion": false,
        "channelPromotionalTextMap": {
          "-1": [],
          "-6": []
        },
        "adCardPoints": 6
      },
      {
        "ppuQuantity": "24G",
        "pricing": {
          "perUnit": "£5.21 per 100G",
          "regular": {
            "value": 1.25,
            "currency": "GBP",
            "text": "£1.25"
          },
          "current": {
            "value": 1.25,
            "currency": "GBP",
            "text": "£1.25"
          }
        },
        "objectId": "2784105",
        "brand": "Organix",
        "attributes": {
          "suitable_for": "stage 1",
          "product_type": "snacks",
          "StockOverrideMessage": "STOCK_COMING_SOON",
          "meal_type": "finger food",
          "suitable_from": "6 months",
          "hasPriceAdvantageDeal": false,
          "ProductReviewFlag": "1"
        },
        "variants": {
          "colours": [],
          "hasColours": false,
          "hasSizes": false
        },
        "categories": [
          [
            {
              "name": "vegan",
              "label": "vegan"
            },
            {
              "name": "baby & child",
              "label": "baby & child"
            },
            {
              "name": "wellness",
              "label": "wellness"
            }
          ],
          [
            {
              "name": "all vegan products",
              "label": "vegan > all vegan products"
            },
            {
              "name": "feeding",
              "label": "baby & child > feeding"
            },
            {
              "name": "food & drink",
              "label": "wellness > food & drink"
            },
            {
              "name": "vegan",
              "label": "wellness > vegan"
            },
            {
              "name": "all vegan products",
              "label": "wellness > all vegan products"
            },
            {
              "name": "vegan food",
              "label": "vegan > vegan food"
            }
          ],
          [
            {
              "name": "baby & toddler food ",
              "label": "baby & child > feeding > baby & toddler food "
            },
            {
              "name": "vegan food",
              "label": "wellness > food & drink > vegan food"
            },
            {
              "name": "vegan food",
              "label": "wellness > vegan > vegan food"
            },
            {
              "name": "all vegan products",
              "label": "wellness > vegan > all vegan products"
            }
          ]
        ],
        "reviews": {
          "average": 4,
          "count": 5,
          "rounded": 4
        },
        "parent": {
          "product": "2784104",
          "partNumber": "10323053.P",
          "model": "10323053",
          "manufacturerModel": "5274087"
        },
        "images": {
          "thumbnail": "https://boots.scene7.com/is/image/Boots/10323053?wid=45&hei=60&op_sharpen=1"
        },
        "offers": [
          {
            "text": "Use code BABYSAVE15 to save 15 percent when you spend £40 on selected baby and child - online only\n"
          }
        ],
        "actions": {},
        "iconUri": "https://boots.scene7.com/is/image/Boots/10323053?op_sharpen=1",
        "title": "Organix Strawberry Weaning Wands Organic Baby Puffs 25g 6 months+",
        "referenceUri": "/organix-weaning-wands-strawberry-25g-10323053",
        "canAddToBasket": "yes",
        "opticians": false,
        "inStock": true,
        "expressDelivery": false,
        "hasOtherPromotion": true,
        "channelPromotionalTextMap": {
          "-1": [
            "Use code BABYSAVE15 to save 15 percent when you spend £40 on selected baby and child - online only\n"
          ],
          "-6": [
            "Use code BABYSAVE15 to save 15 percent when you spend £40 on selected baby and child - online only\n"
          ]
        },
        "adCardPoints": 3
      },
      {
        "ppuQuantity": "20UNI",
        "pricing": {
          "perUnit": "£0.13 per 1UNI",
          "regular": {
            "value": 2.69,
            "currency": "GBP",
            "text": "£2.69"
          },
          "current": {
            "value": 2.69,
            "currency": "GBP",
            "text": "£2.69"
          }
        },
        "objectId": "2899258",
        "brand": "Twinings",
        "attributes": {
          "suitable_for": "vegan",
          "StockOverrideMessage": "STOCK_COMING_SOON",
          "pack_size": "11–20",
          "format": [
            "bag",
            "sachet"
          ],
          "hasPriceAdvantageDeal": false,
          "free_from": "sugar-free",
          "ProductReviewFlag": "1"
        },
        "variants": {
          "colours": [],
          "hasColours": false,
          "hasSizes": false
        },
        "categories": [
          [
            {
              "name": "vegan",
              "label": "vegan"
            },
            {
              "name": "health & pharmacy",
              "label": "health & pharmacy"
            },
            {
              "name": "wellness",
              "label": "wellness"
            }
          ],
          [
            {
              "name": "vegan protein & supplements",
              "label": "vegan > vegan protein & supplements"
            },
            {
              "name": "lifestyle & wellbeing",
              "label": "health & pharmacy > lifestyle & wellbeing"
            },
            {
              "name": "sports nutrition",
              "label": "wellness > sports nutrition"
            },
            {
              "name": "food & drink",
              "label": "wellness > food & drink"
            },
            {
              "name": "vegan",
              "label": "wellness > vegan"
            },
            {
              "name": "all vegan products",
              "label": "wellness > all vegan products"
            },
            {
              "name": "vegan food",
              "label": "vegan > vegan food"
            },
            {
              "name": "all vegan products",
              "label": "vegan > all vegan products"
            }
          ],
          [
            {
              "name": "sports nutrition",
              "label": "health & pharmacy > lifestyle & wellbeing > sports nutrition"
            },
            {
              "name": "vegan protein & supplements",
              "label": "wellness > sports nutrition > vegan protein & supplements"
            },
            {
              "name": "drinks & teas",
              "label": "wellness > food & drink > drinks & teas"
            },
            {
              "name": "vegan food",
              "label": "wellness > food & drink > vegan food"
            },
            {
              "name": "shop all",
              "label": "wellness > food & drink > shop all"
            },
            {
              "name": "vegan food",
              "label": "wellness > vegan > vegan food"
            },
            {
              "name": "all vegan products",
              "label": "wellness > vegan > all vegan products"
            },
            {
              "name": "vegan protein & supplements",
              "label": "wellness > vegan > vegan protein & supplements"
            }
          ],
          [
            {
              "name": "vegan protein & supplements",
              "label": "health & pharmacy > lifestyle & wellbeing > sports nutrition > vegan protein & supplements"
            }
          ]
        ],
        "reviews": {
          "average": null,
          "count": null,
          "rounded": null
        },
        "parent": {
          "product": "2899257",
          "partNumber": "10336467.P",
          "model": "10336467",
          "manufacturerModel": "8714827"
        },
        "images": {
          "thumbnail": "https://boots.scene7.com/is/image/Boots/10336467?wid=45&hei=60&op_sharpen=1"
        },
        "offers": [],
        "actions": {},
        "iconUri": "https://boots.scene7.com/is/image/Boots/10336467?op_sharpen=1",
        "title": "Twinings Superblends Detox Tea Bags - 20 Tea Bags",
        "referenceUri": "/twinings-superblends-detox-tea-bags-20-tea-bags-10336467",
        "canAddToBasket": "yes",
        "opticians": false,
        "inStock": true,
        "expressDelivery": false,
        "hasOtherPromotion": false,
        "channelPromotionalTextMap": {
          "-1": [],
          "-6": []
        },
        "adCardPoints": 6
      },
      {
        "ppuQuantity": "12UNI",
        "pricing": {
          "perUnit": "Save £1.50",
          "regular": {
            "value": 18,
            "currency": "GBP",
            "text": "£18.00"
          },
          "current": {
            "value": 18,
            "currency": "GBP",
            "text": "£18.00"
          }
        },
        "objectId": "2908100",
        "brand": "TRIP",
        "attributes": {
          "suitable_for": "vegan",
          "StockOverrideMessage": "STOCK_COMING_SOON",
          "flavour": [
            "ginger",
            "peach"
          ],
          "hasPriceAdvantageDeal": false,
          "free_from": [
            "gluten-free",
            "dairy-free",
            "artificial flavours"
          ],
          "ProductReviewFlag": "1"
        },
        "variants": {
          "colours": [],
          "hasColours": false,
          "hasSizes": false
        },
        "categories": [
          [
            {
              "name": "vegan",
              "label": "vegan"
            },
            {
              "name": "health & pharmacy",
              "label": "health & pharmacy"
            },
            {
              "name": "wellness",
              "label": "wellness"
            }
          ],
          [
            {
              "name": "all vegan products",
              "label": "vegan > all vegan products"
            },
            {
              "name": "lifestyle & wellbeing",
              "label": "health & pharmacy > lifestyle & wellbeing"
            },
            {
              "name": "vitamins & supplements",
              "label": "health & pharmacy > vitamins & supplements"
            },
            {
              "name": "vitamins & supplements",
              "label": "wellness > vitamins & supplements"
            },
            {
              "name": "diet & weight management",
              "label": "wellness > diet & weight management"
            },
            {
              "name": "food & drink",
              "label": "wellness > food & drink"
            },
            {
              "name": "alternative therapies",
              "label": "wellness > alternative therapies"
            },
            {
              "name": "vegan",
              "label": "wellness > vegan"
            },
            {
              "name": "all vegan products",
              "label": "wellness > all vegan products"
            },
            {
              "name": "CBD",
              "label": "wellness > CBD"
            },
            {
              "name": "vegan food",
              "label": "vegan > vegan food"
            }
          ],
          [
            {
              "name": "diet & weight management",
              "label": "health & pharmacy > lifestyle & wellbeing > diet & weight management"
            },
            {
              "name": "alternative therapies",
              "label": "health & pharmacy > lifestyle & wellbeing > alternative therapies"
            },
            {
              "name": "shop by ingredient",
              "label": "health & pharmacy > vitamins & supplements > shop by ingredient"
            },
            {
              "name": "shop by ingredient",
              "label": "wellness > vitamins & supplements > shop by ingredient"
            },
            {
              "name": "CBD",
              "label": "health & pharmacy > vitamins & supplements > CBD"
            },
            {
              "name": "shop all",
              "label": "wellness > diet & weight management > shop all"
            },
            {
              "name": "CBD",
              "label": "wellness > vitamins & supplements > CBD"
            },
            {
              "name": "vegan food",
              "label": "wellness > food & drink > vegan food"
            },
            {
              "name": "CBD",
              "label": "wellness > alternative therapies > CBD"
            },
            {
              "name": "shop all",
              "label": "wellness > alternative therapies > shop all"
            },
            {
              "name": "vegan food",
              "label": "wellness > vegan > vegan food"
            },
            {
              "name": "all vegan products",
              "label": "wellness > vegan > all vegan products"
            }
          ],
          [
            {
              "name": "shop all",
              "label": "health & pharmacy > lifestyle & wellbeing > diet & weight management > shop all"
            },
            {
              "name": "CBD",
              "label": "health & pharmacy > lifestyle & wellbeing > alternative therapies > CBD"
            },
            {
              "name": "shop all",
              "label": "health & pharmacy > lifestyle & wellbeing > alternative therapies > shop all"
            },
            {
              "name": "CBD",
              "label": "health & pharmacy > vitamins & supplements > shop by ingredient > CBD"
            },
            {
              "name": "CBD",
              "label": "wellness > vitamins & supplements > shop by ingredient > CBD"
            }
          ]
        ],
        "reviews": {
          "average": 4.44,
          "count": 55,
          "rounded": 4
        },
        "parent": {
          "product": "2908100",
          "partNumber": null,
          "model": "10337584",
          "manufacturerModel": null
        },
        "images": {
          "thumbnail": "https://boots.scene7.com/is/image/Boots/10337584?wid=45&hei=60&op_sharpen=1"
        },
        "offers": [],
        "actions": {},
        "iconUri": "https://boots.scene7.com/is/image/Boots/10337584?op_sharpen=1",
        "title": "Trip CBD Drink Peach Ginger - 12 x 250ml Bundle",
        "referenceUri": "/trip-cbd-drink-peach-ginger-12-x-250ml-bundle-10337584",
        "canAddToBasket": "yes",
        "opticians": false,
        "inStock": true,
        "expressDelivery": false,
        "hasOtherPromotion": false,
        "channelPromotionalTextMap": {
          "-1": [],
          "-6": []
        },
        "adCardPoints": 54
      },
      {
        "ppuQuantity": "1000ML",
        "pricing": {
          "perUnit": "£0.65 per 100ML",
          "regular": {
            "value": 6.5,
            "currency": "GBP",
            "text": "£6.50"
          },
          "current": {
            "value": 6.5,
            "currency": "GBP",
            "text": "£6.50"
          }
        },
        "objectId": "2865807",
        "brand": "TRIP",
        "attributes": {
          "suitable_for": "vegan",
          "flavour": "lemon",
          "StockOverrideMessage": "STOCK_COMING_SOON",
          "hasPriceAdvantageDeal": false,
          "free_from": [
            "gluten-free",
            "dairy-free",
            "artificial flavours"
          ],
          "ProductReviewFlag": "1"
        },
        "variants": {
          "colours": [],
          "hasColours": false,
          "hasSizes": false
        },
        "categories": [
          [
            {
              "name": "vegan",
              "label": "vegan"
            },
            {
              "name": "health & pharmacy",
              "label": "health & pharmacy"
            },
            {
              "name": "wellness",
              "label": "wellness"
            }
          ],
          [
            {
              "name": "all vegan products",
              "label": "vegan > all vegan products"
            },
            {
              "name": "lifestyle & wellbeing",
              "label": "health & pharmacy > lifestyle & wellbeing"
            },
            {
              "name": "vitamins & supplements",
              "label": "health & pharmacy > vitamins & supplements"
            },
            {
              "name": "vitamins & supplements",
              "label": "wellness > vitamins & supplements"
            },
            {
              "name": "diet & weight management",
              "label": "wellness > diet & weight management"
            },
            {
              "name": "food & drink",
              "label": "wellness > food & drink"
            },
            {
              "name": "alternative therapies",
              "label": "wellness > alternative therapies"
            },
            {
              "name": "vegan",
              "label": "wellness > vegan"
            },
            {
              "name": "all vegan products",
              "label": "wellness > all vegan products"
            },
            {
              "name": "CBD",
              "label": "wellness > CBD"
            },
            {
              "name": "vegan food",
              "label": "vegan > vegan food"
            }
          ],
          [
            {
              "name": "diet & weight management",
              "label": "health & pharmacy > lifestyle & wellbeing > diet & weight management"
            },
            {
              "name": "alternative therapies",
              "label": "health & pharmacy > lifestyle & wellbeing > alternative therapies"
            },
            {
              "name": "shop by ingredient",
              "label": "health & pharmacy > vitamins & supplements > shop by ingredient"
            },
            {
              "name": "shop by ingredient",
              "label": "wellness > vitamins & supplements > shop by ingredient"
            },
            {
              "name": "CBD",
              "label": "health & pharmacy > vitamins & supplements > CBD"
            },
            {
              "name": "shop all",
              "label": "wellness > diet & weight management > shop all"
            },
            {
              "name": "CBD",
              "label": "wellness > vitamins & supplements > CBD"
            },
            {
              "name": "vegan food",
              "label": "wellness > food & drink > vegan food"
            },
            {
              "name": "CBD",
              "label": "wellness > alternative therapies > CBD"
            },
            {
              "name": "shop all",
              "label": "wellness > alternative therapies > shop all"
            },
            {
              "name": "vegan food",
              "label": "wellness > vegan > vegan food"
            },
            {
              "name": "all vegan products",
              "label": "wellness > vegan > all vegan products"
            }
          ],
          [
            {
              "name": "shop all",
              "label": "health & pharmacy > lifestyle & wellbeing > diet & weight management > shop all"
            },
            {
              "name": "CBD",
              "label": "health & pharmacy > lifestyle & wellbeing > alternative therapies > CBD"
            },
            {
              "name": "shop all",
              "label": "health & pharmacy > lifestyle & wellbeing > alternative therapies > shop all"
            },
            {
              "name": "CBD",
              "label": "health & pharmacy > vitamins & supplements > shop by ingredient > CBD"
            },
            {
              "name": "CBD",
              "label": "wellness > vitamins & supplements > shop by ingredient > CBD"
            }
          ]
        ],
        "reviews": {
          "average": 4.22,
          "count": 36,
          "rounded": 4
        },
        "parent": {
          "product": "2865806",
          "partNumber": "10332440.P",
          "model": "10332440",
          "manufacturerModel": "5750075"
        },
        "images": {
          "thumbnail": "https://boots.scene7.com/is/image/Boots/10332440?wid=45&hei=60&op_sharpen=1"
        },
        "offers": [],
        "actions": {},
        "iconUri": "https://boots.scene7.com/is/image/Boots/10332440?op_sharpen=1",
        "title": "TRIP CBD Lemon Basil Drink - 4 x 250ml Multipack",
        "referenceUri": "/trip-cbd-lemon-basil-drink-4-x-250ml-multipack-10332440",
        "canAddToBasket": "yes",
        "opticians": false,
        "inStock": true,
        "expressDelivery": false,
        "hasOtherPromotion": false,
        "channelPromotionalTextMap": {
          "-1": [],
          "-6": []
        },
        "adCardPoints": 18
      },
      {
        "ppuQuantity": "50G",
        "pricing": {
          "perUnit": "£2.06 per 100G",
          "regular": {
            "value": 1.29,
            "currency": "GBP",
            "text": "£1.29"
          },
          "current": {
            "value": 1.03,
            "currency": "GBP",
            "text": "£1.03"
          },
          "saving": {
            "value": 0.26,
            "currency": "GBP",
            "text": "£0.26"
          }
        },
        "objectId": "2899230",
        "brand": "Deliciously Ella",
        "attributes": {
          "suitable_for": [
            "vegetarian",
            "vegan"
          ],
          "flavour": "nut",
          "StockOverrideMessage": "STOCK_COMING_SOON",
          "format": "bars & snacks",
          "hasPriceAdvantageDeal": false,
          "free_from": [
            "artificial colours",
            "dairy-free",
            "soya-free",
            "artificial flavours",
            "gluten-free",
            "artificial preservatives"
          ],
          "ProductReviewFlag": "1"
        },
        "variants": {
          "colours": [],
          "hasColours": false,
          "hasSizes": false
        },
        "categories": [
          [
            {
              "name": "vegan",
              "label": "vegan"
            },
            {
              "name": "wellness",
              "label": "wellness"
            }
          ],
          [
            {
              "name": "all vegan products",
              "label": "vegan > all vegan products"
            },
            {
              "name": "food & drink",
              "label": "wellness > food & drink"
            },
            {
              "name": "vegan",
              "label": "wellness > vegan"
            },
            {
              "name": "all vegan products",
              "label": "wellness > all vegan products"
            },
            {
              "name": "vegan food",
              "label": "vegan > vegan food"
            }
          ],
          [
            {
              "name": "free from",
              "label": "wellness > food & drink > free from"
            },
            {
              "name": "sweet snacks",
              "label": "wellness > food & drink > sweet snacks"
            },
            {
              "name": "vegan food",
              "label": "wellness > food & drink > vegan food"
            },
            {
              "name": "shop all",
              "label": "wellness > food & drink > shop all"
            },
            {
              "name": "sweet and savoury snacks",
              "label": "wellness > food & drink > sweet and savoury snacks"
            },
            {
              "name": "vegan food",
              "label": "wellness > vegan > vegan food"
            },
            {
              "name": "all vegan products",
              "label": "wellness > vegan > all vegan products"
            }
          ]
        ],
        "reviews": {
          "average": null,
          "count": null,
          "rounded": null
        },
        "parent": {
          "product": "2899229",
          "partNumber": "10336453.P",
          "model": "10336453",
          "manufacturerModel": "5588995"
        },
        "images": {
          "thumbnail": "https://boots.scene7.com/is/image/Boots/10336453?wid=45&hei=60&op_sharpen=1"
        },
        "offers": [
          {
            "text": "Save 20 percent on selected Deliciously Ella"
          }
        ],
        "actions": {},
        "iconUri": "https://boots.scene7.com/is/image/Boots/10336453?op_sharpen=1",
        "title": "Deliciously Ella Hazelnut, Pecan and Maple Oat Bar - 50g",
        "referenceUri": "/deliciously-ella-hazelnut-pecan-and-maple-oat-bar-50g-10336453",
        "canAddToBasket": "yes",
        "opticians": false,
        "inStock": true,
        "expressDelivery": false,
        "hasOtherPromotion": true,
        "channelPromotionalTextMap": {
          "-1": [
            "Save 20 percent on selected Deliciously Ella"
          ],
          "-6": [
            "Save 20 percent on selected Deliciously Ella"
          ]
        },
        "adCardPoints": 3
      },
      {
        "ppuQuantity": "100G",
        "pricing": {
          "perUnit": "£3.05 per 100G",
          "regular": {
            "value": 3.59,
            "currency": "GBP",
            "text": "£3.59"
          },
          "current": {
            "value": 3.05,
            "currency": "GBP",
            "text": "£3.05"
          },
          "saving": {
            "value": 0.54,
            "currency": "GBP",
            "text": "£0.54"
          }
        },
        "objectId": "2899186",
        "brand": "Rhythm 108",
        "attributes": {
          "suitable_for": "vegan",
          "flavour": [
            "orange",
            "chocolate"
          ],
          "StockOverrideMessage": "STOCK_COMING_SOON",
          "format": "bars & snacks",
          "hasPriceAdvantageDeal": false,
          "free_from": "gluten-free",
          "ProductReviewFlag": "1"
        },
        "variants": {
          "colours": [],
          "hasColours": false,
          "hasSizes": false
        },
        "categories": [
          [
            {
              "name": "vegan",
              "label": "vegan"
            },
            {
              "name": "wellness",
              "label": "wellness"
            }
          ],
          [
            {
              "name": "all vegan products",
              "label": "vegan > all vegan products"
            },
            {
              "name": "food & drink",
              "label": "wellness > food & drink"
            },
            {
              "name": "vegan",
              "label": "wellness > vegan"
            },
            {
              "name": "all vegan products",
              "label": "wellness > all vegan products"
            },
            {
              "name": "vegan food",
              "label": "vegan > vegan food"
            }
          ],
          [
            {
              "name": "free from",
              "label": "wellness > food & drink > free from"
            },
            {
              "name": "sweet snacks",
              "label": "wellness > food & drink > sweet snacks"
            },
            {
              "name": "vegan food",
              "label": "wellness > food & drink > vegan food"
            },
            {
              "name": "shop all",
              "label": "wellness > food & drink > shop all"
            },
            {
              "name": "sweet and savoury snacks",
              "label": "wellness > food & drink > sweet and savoury snacks"
            },
            {
              "name": "vegan food",
              "label": "wellness > vegan > vegan food"
            },
            {
              "name": "all vegan products",
              "label": "wellness > vegan > all vegan products"
            }
          ]
        ],
        "reviews": {
          "average": null,
          "count": null,
          "rounded": null
        },
        "parent": {
          "product": "2899185",
          "partNumber": "10336431.P",
          "model": "10336431",
          "manufacturerModel": "3437760"
        },
        "images": {
          "thumbnail": "https://boots.scene7.com/is/image/Boots/10336431?wid=45&hei=60&op_sharpen=1"
        },
        "offers": [
          {
            "text": "Save up to 20 percent on selected Rhythm 108"
          }
        ],
        "actions": {},
        "iconUri": "https://boots.scene7.com/is/image/Boots/10336431?op_sharpen=1",
        "title": "Rhythm 108 M*lk Chocolate Orange Tablet - 100g",
        "referenceUri": "/rhythm-108-m*lk-chocolate-orange-tablet-100g-10336431",
        "canAddToBasket": "yes",
        "opticians": false,
        "inStock": true,
        "expressDelivery": false,
        "hasOtherPromotion": true,
        "channelPromotionalTextMap": {
          "-1": [
            "Save up to 20 percent on selected Rhythm 108"
          ],
          "-6": [
            "Save up to 20 percent on selected Rhythm 108"
          ]
        },
        "adCardPoints": 9
      },
      {
        "ppuQuantity": "20UNI",
        "pricing": {
          "perUnit": "£0.13 per 1UNI",
          "regular": {
            "value": 2.69,
            "currency": "GBP",
            "text": "£2.69"
          },
          "current": {
            "value": 2.69,
            "currency": "GBP",
            "text": "£2.69"
          }
        },
        "objectId": "2609158",
        "brand": "Twinings",
        "attributes": {
          "suitable_for": [
            "vegan",
            "vegetarian"
          ],
          "product_type": "tea",
          "flavour": "orange",
          "StockOverrideMessage": "STOCK_COMING_SOON",
          "size": "11-20",
          "format": "bag",
          "hasPriceAdvantageDeal": false,
          "Reporting_Category": "nutrition",
          "ingredients": "lavender",
          "free_from": [
            "sugar-free",
            "caffeine-free"
          ],
          "ProductReviewFlag": "1"
        },
        "variants": {
          "colours": [],
          "hasColours": false,
          "hasSizes": false
        },
        "categories": [
          [
            {
              "name": "vegan",
              "label": "vegan"
            },
            {
              "name": "health & pharmacy",
              "label": "health & pharmacy"
            },
            {
              "name": "wellness",
              "label": "wellness"
            }
          ],
          [
            {
              "name": "all vegan products",
              "label": "vegan > all vegan products"
            },
            {
              "name": "lifestyle & wellbeing",
              "label": "health & pharmacy > lifestyle & wellbeing"
            },
            {
              "name": "medicines & treatments",
              "label": "health & pharmacy > medicines & treatments"
            },
            {
              "name": "COVID-19 Information Products & Testing",
              "label": "health & pharmacy > COVID-19 Information Products & Testing"
            },
            {
              "name": "alternative therapies",
              "label": "wellness > alternative therapies"
            },
            {
              "name": "sleep",
              "label": "wellness > sleep"
            },
            {
              "name": "food & drink",
              "label": "wellness > food & drink"
            },
            {
              "name": "vegan",
              "label": "wellness > vegan"
            },
            {
              "name": "all vegan products",
              "label": "wellness > all vegan products"
            },
            {
              "name": "vegan food",
              "label": "vegan > vegan food"
            }
          ],
          [
            {
              "name": "alternative therapies",
              "label": "health & pharmacy > lifestyle & wellbeing > alternative therapies"
            },
            {
              "name": "sleep",
              "label": "health & pharmacy > medicines & treatments > sleep"
            },
            {
              "name": "sleep",
              "label": "health & pharmacy > COVID-19 Information Products & Testing > sleep"
            },
            {
              "name": "sleep",
              "label": "wellness > alternative therapies > sleep"
            },
            {
              "name": "bedtime routine",
              "label": "wellness > sleep > bedtime routine"
            },
            {
              "name": "drinks & teas",
              "label": "wellness > food & drink > drinks & teas"
            },
            {
              "name": "vegan food",
              "label": "wellness > food & drink > vegan food"
            },
            {
              "name": "shop all",
              "label": "wellness > food & drink > shop all"
            },
            {
              "name": "vegan food",
              "label": "wellness > vegan > vegan food"
            },
            {
              "name": "all vegan products",
              "label": "wellness > vegan > all vegan products"
            }
          ],
          [
            {
              "name": "sleep",
              "label": "health & pharmacy > lifestyle & wellbeing > alternative therapies > sleep"
            },
            {
              "name": "bedtime routine",
              "label": "health & pharmacy > medicines & treatments > sleep > bedtime routine"
            },
            {
              "name": "bedtime routine",
              "label": "health & pharmacy > COVID-19 Information Products & Testing > sleep > bedtime routine"
            },
            {
              "name": "bedtime routine",
              "label": "wellness > alternative therapies > sleep > bedtime routine"
            }
          ]
        ],
        "reviews": {
          "average": null,
          "count": null,
          "rounded": null
        },
        "parent": {
          "product": "2609157",
          "partNumber": "10302580.P",
          "model": "10302580",
          "manufacturerModel": "7764219"
        },
        "images": {
          "thumbnail": "https://boots.scene7.com/is/image/Boots/10302580?wid=45&hei=60&op_sharpen=1"
        },
        "offers": [],
        "actions": {},
        "iconUri": "https://boots.scene7.com/is/image/Boots/10302580?op_sharpen=1",
        "title": "Twinings Sleep Blend 20s",
        "referenceUri": "/twinings-sleep-blend-20s-10302580",
        "canAddToBasket": "yes",
        "opticians": false,
        "inStock": true,
        "expressDelivery": false,
        "hasOtherPromotion": false,
        "channelPromotionalTextMap": {
          "-1": [],
          "-6": []
        },
        "adCardPoints": 6
      },
      {
        "ppuQuantity": "946ML",
        "pricing": {
          "perUnit": "£1.16 per 100ML",
          "regular": {
            "value": 10.99,
            "currency": "GBP",
            "text": "£10.99"
          },
          "current": {
            "value": 10.99,
            "currency": "GBP",
            "text": "£10.99"
          }
        },
        "objectId": "2224969",
        "brand": "Bragg",
        "attributes": {
          "StockOverrideMessage": "STOCK_COMING_SOON",
          "pack_size": "200+",
          "format": "liquid",
          "hasPriceAdvantageDeal": false,
          "Reporting_Category": "nutrition",
          "ProductReviewFlag": "1"
        },
        "variants": {
          "colours": [],
          "hasColours": false,
          "hasSizes": false
        },
        "categories": [
          [
            {
              "name": "vegan",
              "label": "vegan"
            },
            {
              "name": "health & pharmacy",
              "label": "health & pharmacy"
            },
            {
              "name": "wellness",
              "label": "wellness"
            }
          ],
          [
            {
              "name": "all vegan products",
              "label": "vegan > all vegan products"
            },
            {
              "name": "vitamins & supplements",
              "label": "health & pharmacy > vitamins & supplements"
            },
            {
              "name": "vitamins & supplements",
              "label": "wellness > vitamins & supplements"
            },
            {
              "name": "food & drink",
              "label": "wellness > food & drink"
            },
            {
              "name": "vegan",
              "label": "wellness > vegan"
            },
            {
              "name": "digestive health",
              "label": "wellness > digestive health"
            },
            {
              "name": "all vegan products",
              "label": "wellness > all vegan products"
            },
            {
              "name": "vegan food",
              "label": "vegan > vegan food"
            }
          ],
          [
            {
              "name": "digestive health",
              "label": "health & pharmacy > vitamins & supplements > digestive health"
            },
            {
              "name": "digestive health",
              "label": "wellness > vitamins & supplements > digestive health"
            },
            {
              "name": "drinks & teas",
              "label": "wellness > food & drink > drinks & teas"
            },
            {
              "name": "free from",
              "label": "wellness > food & drink > free from"
            },
            {
              "name": "vegan food",
              "label": "wellness > food & drink > vegan food"
            },
            {
              "name": "shop all",
              "label": "wellness > food & drink > shop all"
            },
            {
              "name": "vegan food",
              "label": "wellness > vegan > vegan food"
            },
            {
              "name": "all vegan products",
              "label": "wellness > vegan > all vegan products"
            }
          ]
        ],
        "reviews": {
          "average": 5,
          "count": 10,
          "rounded": 5
        },
        "parent": {
          "product": "2224968",
          "partNumber": "10259766.P",
          "model": "10259766",
          "manufacturerModel": "8420319"
        },
        "images": {
          "thumbnail": "https://boots.scene7.com/is/image/Boots/10259766?wid=45&hei=60&op_sharpen=1"
        },
        "offers": [],
        "actions": {},
        "iconUri": "https://boots.scene7.com/is/image/Boots/10259766?op_sharpen=1",
        "title": "Bragg Organic Apple Cider Vinegar with The Mother",
        "referenceUri": "/bragg-organic-apple-cider-vinegar-with-the-mother-10259766",
        "canAddToBasket": "yes",
        "opticians": false,
        "inStock": true,
        "expressDelivery": false,
        "hasOtherPromotion": false,
        "channelPromotionalTextMap": {
          "-1": [],
          "-6": []
        },
        "adCardPoints": 30
      },
      {
        "ppuQuantity": "50G",
        "pricing": {
          "perUnit": "£1.90 per 100G",
          "regular": {
            "value": 1.19,
            "currency": "GBP",
            "text": "£1.19"
          },
          "current": {
            "value": 0.95,
            "currency": "GBP",
            "text": "£0.95"
          },
          "saving": {
            "value": 0.24,
            "currency": "GBP",
            "text": "£0.24"
          }
        },
        "objectId": "2221429",
        "brand": "Deliciously Ella",
        "attributes": {
          "suitable_for": "vegan",
          "product_type": "snacks",
          "StockOverrideMessage": "STOCK_COMING_SOON",
          "flavour": "apple",
          "size": "0-10",
          "format": "bars & snacks",
          "hasPriceAdvantageDeal": false,
          "Reporting_Category": "nutrition",
          "free_from": [
            "dairy-free",
            "gluten-free"
          ],
          "ProductReviewFlag": "1"
        },
        "variants": {
          "colours": [],
          "hasColours": false,
          "hasSizes": false
        },
        "categories": [
          [
            {
              "name": "vegan",
              "label": "vegan"
            },
            {
              "name": "wellness",
              "label": "wellness"
            }
          ],
          [
            {
              "name": "all vegan products",
              "label": "vegan > all vegan products"
            },
            {
              "name": "food & drink",
              "label": "wellness > food & drink"
            },
            {
              "name": "vegan",
              "label": "wellness > vegan"
            },
            {
              "name": "all vegan products",
              "label": "wellness > all vegan products"
            },
            {
              "name": "vegan food",
              "label": "vegan > vegan food"
            }
          ],
          [
            {
              "name": "free from",
              "label": "wellness > food & drink > free from"
            },
            {
              "name": "sweet snacks",
              "label": "wellness > food & drink > sweet snacks"
            },
            {
              "name": "vegan food",
              "label": "wellness > food & drink > vegan food"
            },
            {
              "name": "shop all",
              "label": "wellness > food & drink > shop all"
            },
            {
              "name": "sweet and savoury snacks",
              "label": "wellness > food & drink > sweet and savoury snacks"
            },
            {
              "name": "vegan food",
              "label": "wellness > vegan > vegan food"
            },
            {
              "name": "all vegan products",
              "label": "wellness > vegan > all vegan products"
            }
          ]
        ],
        "reviews": {
          "average": 5,
          "count": 1,
          "rounded": 5
        },
        "parent": {
          "product": "2221428",
          "partNumber": "10259583.P",
          "model": "10259583",
          "manufacturerModel": "8361568"
        },
        "images": {
          "thumbnail": "https://boots.scene7.com/is/image/Boots/10259583?wid=45&hei=60&op_sharpen=1"
        },
        "offers": [
          {
            "text": "Save 20 percent on selected Deliciously Ella"
          }
        ],
        "actions": {},
        "iconUri": "https://boots.scene7.com/is/image/Boots/10259583?op_sharpen=1",
        "title": "Deliciously Ella Apple, Raisin & Cinamon Oat Bar - 50g",
        "referenceUri": "/deliciously-ella-apple-raisin-and-cinamon-oat-bar-10259583",
        "canAddToBasket": "yes",
        "opticians": false,
        "inStock": true,
        "expressDelivery": false,
        "hasOtherPromotion": true,
        "channelPromotionalTextMap": {
          "-1": [
            "Save 20 percent on selected Deliciously Ella"
          ],
          "-6": [
            "Save 20 percent on selected Deliciously Ella"
          ]
        },
        "adCardPoints": 0
      },
      {
        "ppuQuantity": "85G",
        "pricing": {
          "perUnit": "£2.65 per 100G",
          "regular": {
            "value": 2.25,
            "currency": "GBP",
            "text": "£2.25"
          },
          "current": {
            "value": 2.25,
            "currency": "GBP",
            "text": "£2.25"
          }
        },
        "objectId": "2899208",
        "brand": "Popworks",
        "attributes": {
          "suitable_for": [
            "vegetarian",
            "vegan"
          ],
          "StockOverrideMessage": "STOCK_COMING_SOON",
          "pack_size": "71–100",
          "format": "bars & snacks",
          "hasPriceAdvantageDeal": false,
          "free_from": "gluten-free",
          "ProductReviewFlag": "1"
        },
        "variants": {
          "colours": [],
          "hasColours": false,
          "hasSizes": false
        },
        "categories": [
          [
            {
              "name": "vegan",
              "label": "vegan"
            },
            {
              "name": "wellness",
              "label": "wellness"
            },
            {
              "name": "health & pharmacy",
              "label": "health & pharmacy"
            },
            {
              "name": "new in",
              "label": "new in"
            }
          ],
          [
            {
              "name": "food & drink",
              "label": "wellness > food & drink"
            },
            {
              "name": "vegan",
              "label": "wellness > vegan"
            },
            {
              "name": "new in health",
              "label": "health & pharmacy > new in health"
            },
            {
              "name": "all vegan products",
              "label": "wellness > all vegan products"
            },
            {
              "name": "new in health",
              "label": "new in > new in health"
            },
            {
              "name": "vegan food",
              "label": "vegan > vegan food"
            },
            {
              "name": "all vegan products",
              "label": "vegan > all vegan products"
            }
          ],
          [
            {
              "name": "sweet snacks",
              "label": "wellness > food & drink > sweet snacks"
            },
            {
              "name": "vegan food",
              "label": "wellness > food & drink > vegan food"
            },
            {
              "name": "shop all",
              "label": "wellness > food & drink > shop all"
            },
            {
              "name": "sweet and savoury snacks",
              "label": "wellness > food & drink > sweet and savoury snacks"
            },
            {
              "name": "vegan food",
              "label": "wellness > vegan > vegan food"
            },
            {
              "name": "all vegan products",
              "label": "wellness > vegan > all vegan products"
            }
          ]
        ],
        "reviews": {
          "average": 4.4,
          "count": 374,
          "rounded": 4
        },
        "parent": {
          "product": "2899207",
          "partNumber": "10336442.P",
          "model": "10336442",
          "manufacturerModel": "5467012"
        },
        "images": {
          "thumbnail": "https://boots.scene7.com/is/image/Boots/10336442?wid=45&hei=60&op_sharpen=1"
        },
        "offers": [],
        "actions": {},
        "iconUri": "https://boots.scene7.com/is/image/Boots/10336442?op_sharpen=1",
        "title": "Popworks Sweet & Salty - 85g",
        "referenceUri": "/popworks-sweet-and-salty-85g-10336442",
        "canAddToBasket": "yes",
        "opticians": false,
        "inStock": true,
        "expressDelivery": false,
        "hasOtherPromotion": false,
        "channelPromotionalTextMap": {
          "-1": [],
          "-6": []
        },
        "adCardPoints": 6
      },
      {
        "ppuQuantity": "36G",
        "pricing": {
          "perUnit": "£4.69 per 100G",
          "regular": {
            "value": 1.69,
            "currency": "GBP",
            "text": "£1.69"
          },
          "current": {
            "value": 1.69,
            "currency": "GBP",
            "text": "£1.69"
          }
        },
        "objectId": "2316104",
        "brand": "Deliciously Ella",
        "attributes": {
          "suitable_for": "vegan",
          "product_type": "snacks",
          "StockOverrideMessage": "STOCK_COMING_SOON",
          "size": "0-10",
          "flavour": [
            "chocolate",
            "caramel"
          ],
          "format": "bars & snacks",
          "hasPriceAdvantageDeal": false,
          "Reporting_Category": "nutrition",
          "free_from": [
            "dairy-free",
            "gluten-free"
          ],
          "ProductReviewFlag": "1"
        },
        "variants": {
          "colours": [],
          "hasColours": false,
          "hasSizes": false
        },
        "categories": [
          [
            {
              "name": "vegan",
              "label": "vegan"
            },
            {
              "name": "wellness",
              "label": "wellness"
            }
          ],
          [
            {
              "name": "all vegan products",
              "label": "vegan > all vegan products"
            },
            {
              "name": "food & drink",
              "label": "wellness > food & drink"
            },
            {
              "name": "vegan",
              "label": "wellness > vegan"
            },
            {
              "name": "all vegan products",
              "label": "wellness > all vegan products"
            },
            {
              "name": "vegan food",
              "label": "vegan > vegan food"
            }
          ],
          [
            {
              "name": "free from",
              "label": "wellness > food & drink > free from"
            },
            {
              "name": "sweet snacks",
              "label": "wellness > food & drink > sweet snacks"
            },
            {
              "name": "vegan food",
              "label": "wellness > food & drink > vegan food"
            },
            {
              "name": "shop all",
              "label": "wellness > food & drink > shop all"
            },
            {
              "name": "sweet and savoury snacks",
              "label": "wellness > food & drink > sweet and savoury snacks"
            },
            {
              "name": "vegan food",
              "label": "wellness > vegan > vegan food"
            },
            {
              "name": "all vegan products",
              "label": "wellness > vegan > all vegan products"
            }
          ]
        ],
        "reviews": {
          "average": 3.13,
          "count": 8,
          "rounded": 3
        },
        "parent": {
          "product": "2316103",
          "partNumber": "10269928.P",
          "model": "10269928",
          "manufacturerModel": "8641544"
        },
        "images": {
          "thumbnail": "https://boots.scene7.com/is/image/Boots/10269928?wid=45&hei=60&op_sharpen=1"
        },
        "offers": [],
        "actions": {},
        "iconUri": "https://boots.scene7.com/is/image/Boots/10269928?op_sharpen=1",
        "title": "Deliciously Ella Double Chocolate Caramel Cups - 36g",
        "referenceUri": "/deliciously-ella-double-chocolate-caramel-cups-36g-10269928",
        "canAddToBasket": "yes",
        "opticians": false,
        "inStock": true,
        "expressDelivery": false,
        "hasOtherPromotion": false,
        "channelPromotionalTextMap": {
          "-1": [],
          "-6": []
        },
        "adCardPoints": 3
      },
      {
        "ppuQuantity": "51G",
        "pricing": {
          "perUnit": "£4.90 per 100G",
          "regular": {
            "value": 2.5,
            "currency": "GBP",
            "text": "£2.50"
          },
          "current": {
            "value": 2.5,
            "currency": "GBP",
            "text": "£2.50"
          }
        },
        "objectId": "2939153",
        "brand": "Huel",
        "attributes": {
          "suitable_for": "vegan",
          "product_type": "protein",
          "flavour": [
            "caramel",
            "nut"
          ],
          "StockOverrideMessage": "STOCK_COMING_SOON",
          "format": "bars & snacks",
          "hasPriceAdvantageDeal": false,
          "free_from": "dairy-free",
          "ProductReviewFlag": "1"
        },
        "variants": {
          "colours": [],
          "hasColours": false,
          "hasSizes": false
        },
        "categories": [
          [
            {
              "name": "vegan",
              "label": "vegan"
            },
            {
              "name": "health & pharmacy",
              "label": "health & pharmacy"
            },
            {
              "name": "wellness",
              "label": "wellness"
            }
          ],
          [
            {
              "name": "vegan protein & supplements",
              "label": "vegan > vegan protein & supplements"
            },
            {
              "name": "lifestyle & wellbeing",
              "label": "health & pharmacy > lifestyle & wellbeing"
            },
            {
              "name": "sports nutrition",
              "label": "wellness > sports nutrition"
            },
            {
              "name": "food & drink",
              "label": "wellness > food & drink"
            },
            {
              "name": "vegan",
              "label": "wellness > vegan"
            },
            {
              "name": "all vegan products",
              "label": "wellness > all vegan products"
            },
            {
              "name": "vegan food",
              "label": "vegan > vegan food"
            },
            {
              "name": "all vegan products",
              "label": "vegan > all vegan products"
            }
          ],
          [
            {
              "name": "sports nutrition",
              "label": "health & pharmacy > lifestyle & wellbeing > sports nutrition"
            },
            {
              "name": "protein bars",
              "label": "wellness > sports nutrition > protein bars"
            },
            {
              "name": "vegan protein & supplements",
              "label": "wellness > sports nutrition > vegan protein & supplements"
            },
            {
              "name": "bars and snacks",
              "label": "wellness > sports nutrition > bars and snacks"
            },
            {
              "name": "shop all",
              "label": "wellness > sports nutrition > shop all"
            },
            {
              "name": "vegan food",
              "label": "wellness > food & drink > vegan food"
            },
            {
              "name": "vegan food",
              "label": "wellness > vegan > vegan food"
            },
            {
              "name": "all vegan products",
              "label": "wellness > vegan > all vegan products"
            },
            {
              "name": "vegan protein & supplements",
              "label": "wellness > vegan > vegan protein & supplements"
            }
          ],
          [
            {
              "name": "protein bars",
              "label": "health & pharmacy > lifestyle & wellbeing > sports nutrition > protein bars"
            },
            {
              "name": "vegan protein & supplements",
              "label": "health & pharmacy > lifestyle & wellbeing > sports nutrition > vegan protein & supplements"
            },
            {
              "name": "bars and snacks",
              "label": "health & pharmacy > lifestyle & wellbeing > sports nutrition > bars and snacks"
            },
            {
              "name": "shop all",
              "label": "health & pharmacy > lifestyle & wellbeing > sports nutrition > shop all"
            }
          ]
        ],
        "reviews": {
          "average": null,
          "count": null,
          "rounded": null
        },
        "parent": {
          "product": "2939152",
          "partNumber": "10340825.P",
          "model": "10340825",
          "manufacturerModel": "2491915"
        },
        "images": {
          "thumbnail": "https://boots.scene7.com/is/image/Boots/10340825?wid=45&hei=60&op_sharpen=1"
        },
        "offers": [],
        "actions": {},
        "iconUri": "https://boots.scene7.com/is/image/Boots/10340825?op_sharpen=1",
        "title": "Huel Complete Nutrition Bar Peanut Caramel - 51g",
        "referenceUri": "/huel-complete-nutrition-bar-peanut-caramel-51g-10340825",
        "canAddToBasket": "yes",
        "opticians": false,
        "inStock": true,
        "expressDelivery": false,
        "hasOtherPromotion": false,
        "channelPromotionalTextMap": {
          "-1": [],
          "-6": []
        },
        "adCardPoints": 6
      },
      {
        "ppuQuantity": "51G",
        "pricing": {
          "perUnit": "£4.90 per 100G",
          "regular": {
            "value": 2.5,
            "currency": "GBP",
            "text": "£2.50"
          },
          "current": {
            "value": 2.5,
            "currency": "GBP",
            "text": "£2.50"
          }
        },
        "objectId": "2939151",
        "brand": "Huel",
        "attributes": {
          "suitable_for": "vegan",
          "product_type": "protein",
          "StockOverrideMessage": "STOCK_COMING_SOON",
          "flavour": [
            "caramel",
            "chocolate"
          ],
          "format": "bars & snacks",
          "hasPriceAdvantageDeal": false,
          "free_from": "dairy-free",
          "ProductReviewFlag": "1"
        },
        "variants": {
          "colours": [],
          "hasColours": false,
          "hasSizes": false
        },
        "categories": [
          [
            {
              "name": "vegan",
              "label": "vegan"
            },
            {
              "name": "health & pharmacy",
              "label": "health & pharmacy"
            },
            {
              "name": "wellness",
              "label": "wellness"
            }
          ],
          [
            {
              "name": "vegan protein & supplements",
              "label": "vegan > vegan protein & supplements"
            },
            {
              "name": "lifestyle & wellbeing",
              "label": "health & pharmacy > lifestyle & wellbeing"
            },
            {
              "name": "sports nutrition",
              "label": "wellness > sports nutrition"
            },
            {
              "name": "food & drink",
              "label": "wellness > food & drink"
            },
            {
              "name": "vegan",
              "label": "wellness > vegan"
            },
            {
              "name": "all vegan products",
              "label": "wellness > all vegan products"
            },
            {
              "name": "vegan food",
              "label": "vegan > vegan food"
            },
            {
              "name": "all vegan products",
              "label": "vegan > all vegan products"
            }
          ],
          [
            {
              "name": "sports nutrition",
              "label": "health & pharmacy > lifestyle & wellbeing > sports nutrition"
            },
            {
              "name": "protein bars",
              "label": "wellness > sports nutrition > protein bars"
            },
            {
              "name": "vegan protein & supplements",
              "label": "wellness > sports nutrition > vegan protein & supplements"
            },
            {
              "name": "bars and snacks",
              "label": "wellness > sports nutrition > bars and snacks"
            },
            {
              "name": "shop all",
              "label": "wellness > sports nutrition > shop all"
            },
            {
              "name": "vegan food",
              "label": "wellness > food & drink > vegan food"
            },
            {
              "name": "vegan food",
              "label": "wellness > vegan > vegan food"
            },
            {
              "name": "all vegan products",
              "label": "wellness > vegan > all vegan products"
            },
            {
              "name": "vegan protein & supplements",
              "label": "wellness > vegan > vegan protein & supplements"
            }
          ],
          [
            {
              "name": "protein bars",
              "label": "health & pharmacy > lifestyle & wellbeing > sports nutrition > protein bars"
            },
            {
              "name": "vegan protein & supplements",
              "label": "health & pharmacy > lifestyle & wellbeing > sports nutrition > vegan protein & supplements"
            },
            {
              "name": "bars and snacks",
              "label": "health & pharmacy > lifestyle & wellbeing > sports nutrition > bars and snacks"
            },
            {
              "name": "shop all",
              "label": "health & pharmacy > lifestyle & wellbeing > sports nutrition > shop all"
            }
          ]
        ],
        "reviews": {
          "average": null,
          "count": null,
          "rounded": null
        },
        "parent": {
          "product": "2939150",
          "partNumber": "10340824.P",
          "model": "10340824",
          "manufacturerModel": "2491907"
        },
        "images": {
          "thumbnail": "https://boots.scene7.com/is/image/Boots/10340824?wid=45&hei=60&op_sharpen=1"
        },
        "offers": [],
        "actions": {},
        "iconUri": "https://boots.scene7.com/is/image/Boots/10340824?op_sharpen=1",
        "title": "Huel Complete Nutrition Bar Chocolate Caramel - 51g",
        "referenceUri": "/huel-complete-nutrition-bar-chocolate-caramel-51g-10340824",
        "canAddToBasket": "yes",
        "opticians": false,
        "inStock": true,
        "expressDelivery": false,
        "hasOtherPromotion": false,
        "channelPromotionalTextMap": {
          "-1": [],
          "-6": []
        },
        "adCardPoints": 6
      },
      {
        "ppuQuantity": "35G",
        "pricing": {
          "perUnit": "£3.69 per 100G",
          "regular": {
            "value": 1.29,
            "currency": "GBP",
            "text": "£1.29"
          },
          "current": {
            "value": 1.29,
            "currency": "GBP",
            "text": "£1.29"
          }
        },
        "objectId": "2540925",
        "brand": "The Gut Stuff",
        "attributes": {
          "suitable_for": "vegan",
          "product_type": "snacks",
          "StockOverrideMessage": "STOCK_COMING_SOON",
          "flavour": "nut",
          "format": "bars & snacks",
          "hasPriceAdvantageDeal": false,
          "Reporting_Category": "nutrition",
          "free_from": "gluten-free",
          "ProductReviewFlag": "1"
        },
        "variants": {
          "colours": [],
          "hasColours": false,
          "hasSizes": false
        },
        "categories": [
          [
            {
              "name": "vegan",
              "label": "vegan"
            },
            {
              "name": "wellness",
              "label": "wellness"
            }
          ],
          [
            {
              "name": "vegan food",
              "label": "vegan > vegan food"
            },
            {
              "name": "food & drink",
              "label": "wellness > food & drink"
            },
            {
              "name": "vegan",
              "label": "wellness > vegan"
            }
          ],
          [
            {
              "name": "free from",
              "label": "wellness > food & drink > free from"
            },
            {
              "name": "sweet snacks",
              "label": "wellness > food & drink > sweet snacks"
            },
            {
              "name": "vegan food",
              "label": "wellness > food & drink > vegan food"
            },
            {
              "name": "shop all",
              "label": "wellness > food & drink > shop all"
            },
            {
              "name": "sweet and savoury snacks",
              "label": "wellness > food & drink > sweet and savoury snacks"
            },
            {
              "name": "vegan food",
              "label": "wellness > vegan > vegan food"
            }
          ]
        ],
        "reviews": {
          "average": null,
          "count": null,
          "rounded": null
        },
        "parent": {
          "product": "2540924",
          "partNumber": "10295215.P",
          "model": "10295215",
          "manufacturerModel": "4262271"
        },
        "images": {
          "thumbnail": "https://boots.scene7.com/is/image/Boots/10295215?wid=45&hei=60&op_sharpen=1"
        },
        "offers": [
          {
            "text": "3 For £3 on selected The Gut Stuff"
          }
        ],
        "actions": {},
        "iconUri": "https://boots.scene7.com/is/image/Boots/10295215?op_sharpen=1",
        "title": "The Gut Stuff Peanut Butter High Fibre Fruit & Nut bar",
        "referenceUri": "/the-gut-stuff-good-fibrations-peanut-butter-bar-35g-10295215",
        "canAddToBasket": "yes",
        "opticians": false,
        "inStock": true,
        "expressDelivery": false,
        "hasOtherPromotion": true,
        "channelPromotionalTextMap": {
          "-1": [
            "3 For £3 on selected The Gut Stuff"
          ],
          "-6": [
            "3 For £3 on selected The Gut Stuff"
          ]
        },
        "adCardPoints": 3
      },
      {
        "ppuQuantity": "12UNI",
        "pricing": {
          "perUnit": "Save £1.50",
          "regular": {
            "value": 18,
            "currency": "GBP",
            "text": "£18.00"
          },
          "current": {
            "value": 18,
            "currency": "GBP",
            "text": "£18.00"
          }
        },
        "objectId": "2908093",
        "brand": "TRIP",
        "attributes": {
          "suitable_for": "vegan",
          "StockOverrideMessage": "STOCK_COMING_SOON",
          "flavour": "mint",
          "hasPriceAdvantageDeal": false,
          "free_from": [
            "dairy-free",
            "artificial flavours",
            "gluten-free"
          ],
          "ProductReviewFlag": "1"
        },
        "variants": {
          "colours": [],
          "hasColours": false,
          "hasSizes": false
        },
        "categories": [
          [
            {
              "name": "vegan",
              "label": "vegan"
            },
            {
              "name": "health & pharmacy",
              "label": "health & pharmacy"
            },
            {
              "name": "wellness",
              "label": "wellness"
            }
          ],
          [
            {
              "name": "all vegan products",
              "label": "vegan > all vegan products"
            },
            {
              "name": "lifestyle & wellbeing",
              "label": "health & pharmacy > lifestyle & wellbeing"
            },
            {
              "name": "vitamins & supplements",
              "label": "health & pharmacy > vitamins & supplements"
            },
            {
              "name": "vitamins & supplements",
              "label": "wellness > vitamins & supplements"
            },
            {
              "name": "diet & weight management",
              "label": "wellness > diet & weight management"
            },
            {
              "name": "food & drink",
              "label": "wellness > food & drink"
            },
            {
              "name": "alternative therapies",
              "label": "wellness > alternative therapies"
            },
            {
              "name": "vegan",
              "label": "wellness > vegan"
            },
            {
              "name": "all vegan products",
              "label": "wellness > all vegan products"
            },
            {
              "name": "CBD",
              "label": "wellness > CBD"
            },
            {
              "name": "vegan food",
              "label": "vegan > vegan food"
            }
          ],
          [
            {
              "name": "diet & weight management",
              "label": "health & pharmacy > lifestyle & wellbeing > diet & weight management"
            },
            {
              "name": "alternative therapies",
              "label": "health & pharmacy > lifestyle & wellbeing > alternative therapies"
            },
            {
              "name": "shop by ingredient",
              "label": "health & pharmacy > vitamins & supplements > shop by ingredient"
            },
            {
              "name": "shop by ingredient",
              "label": "wellness > vitamins & supplements > shop by ingredient"
            },
            {
              "name": "CBD",
              "label": "health & pharmacy > vitamins & supplements > CBD"
            },
            {
              "name": "shop all",
              "label": "wellness > diet & weight management > shop all"
            },
            {
              "name": "CBD",
              "label": "wellness > vitamins & supplements > CBD"
            },
            {
              "name": "vegan food",
              "label": "wellness > food & drink > vegan food"
            },
            {
              "name": "CBD",
              "label": "wellness > alternative therapies > CBD"
            },
            {
              "name": "shop all",
              "label": "wellness > alternative therapies > shop all"
            },
            {
              "name": "vegan food",
              "label": "wellness > vegan > vegan food"
            },
            {
              "name": "all vegan products",
              "label": "wellness > vegan > all vegan products"
            }
          ],
          [
            {
              "name": "shop all",
              "label": "health & pharmacy > lifestyle & wellbeing > diet & weight management > shop all"
            },
            {
              "name": "CBD",
              "label": "health & pharmacy > lifestyle & wellbeing > alternative therapies > CBD"
            },
            {
              "name": "shop all",
              "label": "health & pharmacy > lifestyle & wellbeing > alternative therapies > shop all"
            },
            {
              "name": "CBD",
              "label": "health & pharmacy > vitamins & supplements > shop by ingredient > CBD"
            },
            {
              "name": "CBD",
              "label": "wellness > vitamins & supplements > shop by ingredient > CBD"
            }
          ]
        ],
        "reviews": {
          "average": 4.45,
          "count": 62,
          "rounded": 4
        },
        "parent": {
          "product": "2908093",
          "partNumber": null,
          "model": "10337586",
          "manufacturerModel": null
        },
        "images": {
          "thumbnail": "https://boots.scene7.com/is/image/Boots/10337586?wid=45&hei=60&op_sharpen=1"
        },
        "offers": [],
        "actions": {},
        "iconUri": "https://boots.scene7.com/is/image/Boots/10337586?op_sharpen=1",
        "title": "Trip CBD Drink Elderflower Mint - 12 x 250ml Bundle",
        "referenceUri": "/trip-cbd-drink-elderflower-mint-12-x-250ml-bundle-10337586",
        "canAddToBasket": "yes",
        "opticians": false,
        "inStock": true,
        "expressDelivery": false,
        "hasOtherPromotion": false,
        "channelPromotionalTextMap": {
          "-1": [],
          "-6": []
        },
        "adCardPoints": 54
      },
      {
        "ppuQuantity": "58G",
        "pricing": {
          "perUnit": "£1.98 per 100G",
          "regular": {
            "value": 1.15,
            "currency": "GBP",
            "text": "£1.15"
          },
          "current": {
            "value": 1.15,
            "currency": "GBP",
            "text": "£1.15"
          }
        },
        "objectId": "2680222",
        "brand": "Bio&Me",
        "attributes": {
          "suitable_for": [
            "vegan",
            "vegetarian"
          ],
          "StockOverrideMessage": "STOCK_COMING_SOON",
          "flavour": "nut",
          "hasPriceAdvantageDeal": false,
          "ingredients": [
            "coconut",
            "almond"
          ],
          "Reporting_Category": "nutrition",
          "ProductReviewFlag": "1"
        },
        "variants": {
          "colours": [],
          "hasColours": false,
          "hasSizes": false
        },
        "categories": [
          [
            {
              "name": "vegan",
              "label": "vegan"
            },
            {
              "name": "wellness",
              "label": "wellness"
            }
          ],
          [
            {
              "name": "all vegan products",
              "label": "vegan > all vegan products"
            },
            {
              "name": "food & drink",
              "label": "wellness > food & drink"
            },
            {
              "name": "vegan",
              "label": "wellness > vegan"
            },
            {
              "name": "all vegan products",
              "label": "wellness > all vegan products"
            },
            {
              "name": "vegan food",
              "label": "vegan > vegan food"
            }
          ],
          [
            {
              "name": "breakfast bars & cereals",
              "label": "wellness > food & drink > breakfast bars & cereals"
            },
            {
              "name": "vegan food",
              "label": "wellness > food & drink > vegan food"
            },
            {
              "name": "shop all",
              "label": "wellness > food & drink > shop all"
            },
            {
              "name": "vegan food",
              "label": "wellness > vegan > vegan food"
            },
            {
              "name": "all vegan products",
              "label": "wellness > vegan > all vegan products"
            }
          ]
        ],
        "reviews": {
          "average": 3.6,
          "count": 5,
          "rounded": 3
        },
        "parent": {
          "product": "2680221",
          "partNumber": "10312769.P",
          "model": "10312769",
          "manufacturerModel": "2812436"
        },
        "images": {
          "thumbnail": "https://boots.scene7.com/is/image/Boots/10312769?wid=45&hei=60&op_sharpen=1"
        },
        "offers": [],
        "actions": {},
        "iconUri": "https://boots.scene7.com/is/image/Boots/10312769?op_sharpen=1",
        "title": "Bio & Me Gut-Loving Porridge Pot Super Seedy & Nutty 58g",
        "referenceUri": "/bio-and-me-gut-loving-porridge-pot-super-seedy-and-nutty-58g-10312769",
        "canAddToBasket": "yes",
        "opticians": false,
        "inStock": true,
        "expressDelivery": false,
        "hasOtherPromotion": false,
        "channelPromotionalTextMap": {
          "-1": [],
          "-6": []
        },
        "adCardPoints": 3
      },
      {
        "ppuQuantity": "660G",
        "pricing": {
          "perUnit": "£4.54 per 100G",
          "regular": {
            "value": 29.99,
            "currency": "GBP",
            "text": "£29.99"
          },
          "current": {
            "value": 29.99,
            "currency": "GBP",
            "text": "£29.99"
          }
        },
        "objectId": "2926635",
        "brand": "Trimbella",
        "attributes": {
          "suitable_for": [
            "vegan",
            "vegetarian",
            "adults"
          ],
          "StockOverrideMessage": "STOCK_COMING_SOON",
          "flavour": "banana",
          "format": "powder",
          "hasPriceAdvantageDeal": false,
          "free_from": [
            "dairy-free",
            "soya-free",
            "artificial flavours"
          ],
          "ProductReviewFlag": "1"
        },
        "variants": {
          "colours": [],
          "hasColours": false,
          "hasSizes": false
        },
        "categories": [
          [
            {
              "name": "vegan",
              "label": "vegan"
            },
            {
              "name": "health & pharmacy",
              "label": "health & pharmacy"
            },
            {
              "name": "wellness",
              "label": "wellness"
            },
            {
              "name": "new in",
              "label": "new in"
            }
          ],
          [
            {
              "name": "all vegan products",
              "label": "vegan > all vegan products"
            },
            {
              "name": "lifestyle & wellbeing",
              "label": "health & pharmacy > lifestyle & wellbeing"
            },
            {
              "name": "diet & weight management",
              "label": "wellness > diet & weight management"
            },
            {
              "name": "food & drink",
              "label": "wellness > food & drink"
            },
            {
              "name": "vegan",
              "label": "wellness > vegan"
            },
            {
              "name": "all vegan products",
              "label": "wellness > all vegan products"
            },
            {
              "name": "new in diet & weight management",
              "label": "new in > new in diet & weight management"
            },
            {
              "name": "vegan food",
              "label": "vegan > vegan food"
            }
          ],
          [
            {
              "name": "diet & weight management",
              "label": "health & pharmacy > lifestyle & wellbeing > diet & weight management"
            },
            {
              "name": "slimming aids & meal replacements",
              "label": "wellness > diet & weight management > slimming aids & meal replacements"
            },
            {
              "name": "new in diet & weight management",
              "label": "wellness > diet & weight management > new in diet & weight management"
            },
            {
              "name": "meal replacements",
              "label": "wellness > diet & weight management > meal replacements"
            },
            {
              "name": "shop all",
              "label": "wellness > diet & weight management > shop all"
            },
            {
              "name": "vegan food",
              "label": "wellness > food & drink > vegan food"
            },
            {
              "name": "vegan food",
              "label": "wellness > vegan > vegan food"
            },
            {
              "name": "all vegan products",
              "label": "wellness > vegan > all vegan products"
            }
          ],
          [
            {
              "name": "slimming aids & meal replacements",
              "label": "health & pharmacy > lifestyle & wellbeing > diet & weight management > slimming aids & meal replacements"
            },
            {
              "name": "new in diet & weight management",
              "label": "health & pharmacy > lifestyle & wellbeing > diet & weight management > new in diet & weight management"
            },
            {
              "name": "meal replacements",
              "label": "health & pharmacy > lifestyle & wellbeing > diet & weight management > meal replacements"
            },
            {
              "name": "shop all",
              "label": "health & pharmacy > lifestyle & wellbeing > diet & weight management > shop all"
            }
          ]
        ],
        "reviews": {
          "average": null,
          "count": null,
          "rounded": null
        },
        "parent": {
          "product": "2926634",
          "partNumber": "10339416.P",
          "model": "10339416",
          "manufacturerModel": "2129922"
        },
        "images": {
          "thumbnail": "https://boots.scene7.com/is/image/Boots/10339416?wid=45&hei=60&op_sharpen=1"
        },
        "offers": [],
        "actions": {},
        "iconUri": "https://boots.scene7.com/is/image/Boots/10339416?op_sharpen=1",
        "title": "Trimbella Banana Meal Replacement Shake 12 Servings - 660g",
        "referenceUri": "/trimbella-banana-meal-replacement-shake-12-servings-660g-10339416",
        "canAddToBasket": "yes",
        "opticians": false,
        "inStock": true,
        "expressDelivery": false,
        "hasOtherPromotion": false,
        "channelPromotionalTextMap": {
          "-1": [],
          "-6": []
        },
        "adCardPoints": 87
      },
      {
        "ppuQuantity": "20UNI",
        "pricing": {
          "perUnit": "£0.13 per 1UNI",
          "regular": {
            "value": 2.69,
            "currency": "GBP",
            "text": "£2.69"
          },
          "current": {
            "value": 2.69,
            "currency": "GBP",
            "text": "£2.69"
          }
        },
        "objectId": "2899260",
        "brand": "Twinings",
        "attributes": {
          "suitable_for": "vegan",
          "StockOverrideMessage": "STOCK_COMING_SOON",
          "flavour": "ginger",
          "pack_size": "11–20",
          "format": [
            "bag",
            "sachet"
          ],
          "hasPriceAdvantageDeal": false,
          "free_from": "sugar-free",
          "ProductReviewFlag": "1"
        },
        "variants": {
          "colours": [],
          "hasColours": false,
          "hasSizes": false
        },
        "categories": [
          [
            {
              "name": "vegan",
              "label": "vegan"
            },
            {
              "name": "health & pharmacy",
              "label": "health & pharmacy"
            },
            {
              "name": "wellness",
              "label": "wellness"
            }
          ],
          [
            {
              "name": "vegan protein & supplements",
              "label": "vegan > vegan protein & supplements"
            },
            {
              "name": "lifestyle & wellbeing",
              "label": "health & pharmacy > lifestyle & wellbeing"
            },
            {
              "name": "sports nutrition",
              "label": "wellness > sports nutrition"
            },
            {
              "name": "food & drink",
              "label": "wellness > food & drink"
            },
            {
              "name": "vegan",
              "label": "wellness > vegan"
            },
            {
              "name": "all vegan products",
              "label": "wellness > all vegan products"
            },
            {
              "name": "vegan food",
              "label": "vegan > vegan food"
            },
            {
              "name": "all vegan products",
              "label": "vegan > all vegan products"
            }
          ],
          [
            {
              "name": "sports nutrition",
              "label": "health & pharmacy > lifestyle & wellbeing > sports nutrition"
            },
            {
              "name": "vegan protein & supplements",
              "label": "wellness > sports nutrition > vegan protein & supplements"
            },
            {
              "name": "drinks & teas",
              "label": "wellness > food & drink > drinks & teas"
            },
            {
              "name": "vegan food",
              "label": "wellness > food & drink > vegan food"
            },
            {
              "name": "shop all",
              "label": "wellness > food & drink > shop all"
            },
            {
              "name": "vegan food",
              "label": "wellness > vegan > vegan food"
            },
            {
              "name": "all vegan products",
              "label": "wellness > vegan > all vegan products"
            },
            {
              "name": "vegan protein & supplements",
              "label": "wellness > vegan > vegan protein & supplements"
            }
          ],
          [
            {
              "name": "vegan protein & supplements",
              "label": "health & pharmacy > lifestyle & wellbeing > sports nutrition > vegan protein & supplements"
            }
          ]
        ],
        "reviews": {
          "average": null,
          "count": null,
          "rounded": null
        },
        "parent": {
          "product": "2899259",
          "partNumber": "10336468.P",
          "model": "10336468",
          "manufacturerModel": "8714878"
        },
        "images": {
          "thumbnail": "https://boots.scene7.com/is/image/Boots/10336468?wid=45&hei=60&op_sharpen=1"
        },
        "offers": [],
        "actions": {},
        "iconUri": "https://boots.scene7.com/is/image/Boots/10336468?op_sharpen=1",
        "title": "Twinings Superblends Turmeric Tea Bags - 20 Tea Bags",
        "referenceUri": "/twinings-superblends-turmeric-tea-bags-20-tea-bags-10336468",
        "canAddToBasket": "yes",
        "opticians": false,
        "inStock": true,
        "expressDelivery": false,
        "hasOtherPromotion": false,
        "channelPromotionalTextMap": {
          "-1": [],
          "-6": []
        },
        "adCardPoints": 6
      },
      {
        "ppuQuantity": "100G",
        "pricing": {
          "perUnit": "£3.50 per 100G",
          "regular": {
            "value": 3.5,
            "currency": "GBP",
            "text": "£3.50"
          },
          "current": {
            "value": 3.5,
            "currency": "GBP",
            "text": "£3.50"
          }
        },
        "objectId": "2860648",
        "brand": "Forest Feast",
        "attributes": {
          "suitable_for": "vegan",
          "flavour": "mango",
          "StockOverrideMessage": "STOCK_COMING_SOON",
          "format": "bars & snacks",
          "hasPriceAdvantageDeal": false,
          "free_from": "gluten-free",
          "ProductReviewFlag": "1"
        },
        "variants": {
          "colours": [],
          "hasColours": false,
          "hasSizes": false
        },
        "categories": [
          [
            {
              "name": "vegan",
              "label": "vegan"
            },
            {
              "name": "wellness",
              "label": "wellness"
            }
          ],
          [
            {
              "name": "all vegan products",
              "label": "vegan > all vegan products"
            },
            {
              "name": "food & drink",
              "label": "wellness > food & drink"
            },
            {
              "name": "vegan",
              "label": "wellness > vegan"
            },
            {
              "name": "all vegan products",
              "label": "wellness > all vegan products"
            },
            {
              "name": "vegan food",
              "label": "vegan > vegan food"
            }
          ],
          [
            {
              "name": "free from",
              "label": "wellness > food & drink > free from"
            },
            {
              "name": "sweet snacks",
              "label": "wellness > food & drink > sweet snacks"
            },
            {
              "name": "vegan food",
              "label": "wellness > food & drink > vegan food"
            },
            {
              "name": "shop all",
              "label": "wellness > food & drink > shop all"
            },
            {
              "name": "sweet and savoury snacks",
              "label": "wellness > food & drink > sweet and savoury snacks"
            },
            {
              "name": "vegan food",
              "label": "wellness > vegan > vegan food"
            },
            {
              "name": "all vegan products",
              "label": "wellness > vegan > all vegan products"
            }
          ]
        ],
        "reviews": {
          "average": null,
          "count": null,
          "rounded": null
        },
        "parent": {
          "product": "2860647",
          "partNumber": "10331685.P",
          "model": "10331685",
          "manufacturerModel": "5736048"
        },
        "images": {
          "thumbnail": "https://boots.scene7.com/is/image/Boots/10331685?wid=45&hei=60&op_sharpen=1"
        },
        "offers": [],
        "actions": {},
        "iconUri": "https://boots.scene7.com/is/image/Boots/10331685?op_sharpen=1",
        "title": "Forest Feast Preda Fairtrade Mango - 100g",
        "referenceUri": "/forest-feast-preda-fairtrade-mango-100g-10331685",
        "canAddToBasket": "yes",
        "opticians": false,
        "inStock": true,
        "expressDelivery": false,
        "hasOtherPromotion": false,
        "channelPromotionalTextMap": {
          "-1": [],
          "-6": []
        },
        "adCardPoints": 9
      },
      {
        "ppuQuantity": "58G",
        "pricing": {
          "perUnit": "£1.98 per 100G",
          "regular": {
            "value": 1.15,
            "currency": "GBP",
            "text": "£1.15"
          },
          "current": {
            "value": 1.15,
            "currency": "GBP",
            "text": "£1.15"
          }
        },
        "objectId": "2680220",
        "brand": "Bio&Me",
        "attributes": {
          "suitable_for": [
            "vegetarian",
            "vegan"
          ],
          "StockOverrideMessage": "STOCK_COMING_SOON",
          "flavour": "apple",
          "hasPriceAdvantageDeal": false,
          "ingredients": [
            "almond",
            "coconut"
          ],
          "Reporting_Category": "nutrition",
          "ProductReviewFlag": "1"
        },
        "variants": {
          "colours": [],
          "hasColours": false,
          "hasSizes": false
        },
        "categories": [
          [
            {
              "name": "vegan",
              "label": "vegan"
            },
            {
              "name": "wellness",
              "label": "wellness"
            }
          ],
          [
            {
              "name": "all vegan products",
              "label": "vegan > all vegan products"
            },
            {
              "name": "food & drink",
              "label": "wellness > food & drink"
            },
            {
              "name": "vegan",
              "label": "wellness > vegan"
            },
            {
              "name": "all vegan products",
              "label": "wellness > all vegan products"
            },
            {
              "name": "vegan food",
              "label": "vegan > vegan food"
            }
          ],
          [
            {
              "name": "breakfast bars & cereals",
              "label": "wellness > food & drink > breakfast bars & cereals"
            },
            {
              "name": "vegan food",
              "label": "wellness > food & drink > vegan food"
            },
            {
              "name": "shop all",
              "label": "wellness > food & drink > shop all"
            },
            {
              "name": "vegan food",
              "label": "wellness > vegan > vegan food"
            },
            {
              "name": "all vegan products",
              "label": "wellness > vegan > all vegan products"
            }
          ]
        ],
        "reviews": {
          "average": 4,
          "count": 1,
          "rounded": 4
        },
        "parent": {
          "product": "2680219",
          "partNumber": "10312768.P",
          "model": "10312768",
          "manufacturerModel": "2812363"
        },
        "images": {
          "thumbnail": "https://boots.scene7.com/is/image/Boots/10312768?wid=45&hei=60&op_sharpen=1"
        },
        "offers": [],
        "actions": {},
        "iconUri": "https://boots.scene7.com/is/image/Boots/10312768?op_sharpen=1",
        "title": "Bio & Me Gut-Loving Porridge Pot Apple & Cinnamon 58g",
        "referenceUri": "/bio-and-me-gut-loving-porridge-pot-apple-and-cinnamon-58g-10312768",
        "canAddToBasket": "yes",
        "opticians": false,
        "inStock": true,
        "expressDelivery": false,
        "hasOtherPromotion": false,
        "channelPromotionalTextMap": {
          "-1": [],
          "-6": []
        },
        "adCardPoints": 3
      },
      {
        "ppuQuantity": "36G",
        "pricing": {
          "perUnit": "£4.69 per 100G",
          "regular": {
            "value": 1.69,
            "currency": "GBP",
            "text": "£1.69"
          },
          "current": {
            "value": 1.69,
            "currency": "GBP",
            "text": "£1.69"
          }
        },
        "objectId": "2316102",
        "brand": "Deliciously Ella",
        "attributes": {
          "suitable_for": "vegan",
          "product_type": "snacks",
          "size": "0-10",
          "StockOverrideMessage": "STOCK_COMING_SOON",
          "flavour": [
            "nut",
            "caramel"
          ],
          "format": "bars & snacks",
          "hasPriceAdvantageDeal": false,
          "Reporting_Category": "nutrition",
          "free_from": [
            "dairy-free",
            "gluten-free"
          ],
          "ProductReviewFlag": "1"
        },
        "variants": {
          "colours": [],
          "hasColours": false,
          "hasSizes": false
        },
        "categories": [
          [
            {
              "name": "vegan",
              "label": "vegan"
            },
            {
              "name": "wellness",
              "label": "wellness"
            }
          ],
          [
            {
              "name": "all vegan products",
              "label": "vegan > all vegan products"
            },
            {
              "name": "food & drink",
              "label": "wellness > food & drink"
            },
            {
              "name": "vegan",
              "label": "wellness > vegan"
            },
            {
              "name": "all vegan products",
              "label": "wellness > all vegan products"
            },
            {
              "name": "vegan food",
              "label": "vegan > vegan food"
            }
          ],
          [
            {
              "name": "free from",
              "label": "wellness > food & drink > free from"
            },
            {
              "name": "sweet snacks",
              "label": "wellness > food & drink > sweet snacks"
            },
            {
              "name": "vegan food",
              "label": "wellness > food & drink > vegan food"
            },
            {
              "name": "shop all",
              "label": "wellness > food & drink > shop all"
            },
            {
              "name": "sweet and savoury snacks",
              "label": "wellness > food & drink > sweet and savoury snacks"
            },
            {
              "name": "vegan food",
              "label": "wellness > vegan > vegan food"
            },
            {
              "name": "all vegan products",
              "label": "wellness > vegan > all vegan products"
            }
          ]
        ],
        "reviews": {
          "average": 5,
          "count": 1,
          "rounded": 5
        },
        "parent": {
          "product": "2316101",
          "partNumber": "10269927.P",
          "model": "10269927",
          "manufacturerModel": "8641536"
        },
        "images": {
          "thumbnail": "https://boots.scene7.com/is/image/Boots/10269927?wid=45&hei=60&op_sharpen=1"
        },
        "offers": [],
        "actions": {},
        "iconUri": "https://boots.scene7.com/is/image/Boots/10269927?op_sharpen=1",
        "title": "Deliciously Ella salted almond caramel cups 36g",
        "referenceUri": "/deliciously-ella-almond-butter-salted-caramel-cups-36g-10269927",
        "canAddToBasket": "yes",
        "opticians": false,
        "inStock": true,
        "expressDelivery": false,
        "hasOtherPromotion": false,
        "channelPromotionalTextMap": {
          "-1": [],
          "-6": []
        },
        "adCardPoints": 3
      },
      {
        "ppuQuantity": "24UNI",
        "pricing": {
          "perUnit": "Save £3.00",
          "regular": {
            "value": 36,
            "currency": "GBP",
            "text": "£36.00"
          },
          "current": {
            "value": 36,
            "currency": "GBP",
            "text": "£36.00"
          }
        },
        "objectId": "2908092",
        "brand": "TRIP",
        "attributes": {
          "suitable_for": "vegan",
          "StockOverrideMessage": "STOCK_COMING_SOON",
          "flavour": [
            "peach",
            "ginger"
          ],
          "hasPriceAdvantageDeal": false,
          "free_from": [
            "gluten-free",
            "artificial flavours",
            "dairy-free"
          ],
          "ProductReviewFlag": "1"
        },
        "variants": {
          "colours": [],
          "hasColours": false,
          "hasSizes": false
        },
        "categories": [
          [
            {
              "name": "vegan",
              "label": "vegan"
            },
            {
              "name": "health & pharmacy",
              "label": "health & pharmacy"
            },
            {
              "name": "wellness",
              "label": "wellness"
            }
          ],
          [
            {
              "name": "all vegan products",
              "label": "vegan > all vegan products"
            },
            {
              "name": "lifestyle & wellbeing",
              "label": "health & pharmacy > lifestyle & wellbeing"
            },
            {
              "name": "vitamins & supplements",
              "label": "health & pharmacy > vitamins & supplements"
            },
            {
              "name": "vitamins & supplements",
              "label": "wellness > vitamins & supplements"
            },
            {
              "name": "diet & weight management",
              "label": "wellness > diet & weight management"
            },
            {
              "name": "food & drink",
              "label": "wellness > food & drink"
            },
            {
              "name": "alternative therapies",
              "label": "wellness > alternative therapies"
            },
            {
              "name": "vegan",
              "label": "wellness > vegan"
            },
            {
              "name": "all vegan products",
              "label": "wellness > all vegan products"
            },
            {
              "name": "CBD",
              "label": "wellness > CBD"
            },
            {
              "name": "vegan food",
              "label": "vegan > vegan food"
            }
          ],
          [
            {
              "name": "diet & weight management",
              "label": "health & pharmacy > lifestyle & wellbeing > diet & weight management"
            },
            {
              "name": "alternative therapies",
              "label": "health & pharmacy > lifestyle & wellbeing > alternative therapies"
            },
            {
              "name": "shop by ingredient",
              "label": "health & pharmacy > vitamins & supplements > shop by ingredient"
            },
            {
              "name": "shop by ingredient",
              "label": "wellness > vitamins & supplements > shop by ingredient"
            },
            {
              "name": "CBD",
              "label": "health & pharmacy > vitamins & supplements > CBD"
            },
            {
              "name": "shop all",
              "label": "wellness > diet & weight management > shop all"
            },
            {
              "name": "CBD",
              "label": "wellness > vitamins & supplements > CBD"
            },
            {
              "name": "vegan food",
              "label": "wellness > food & drink > vegan food"
            },
            {
              "name": "CBD",
              "label": "wellness > alternative therapies > CBD"
            },
            {
              "name": "shop all",
              "label": "wellness > alternative therapies > shop all"
            },
            {
              "name": "vegan food",
              "label": "wellness > vegan > vegan food"
            },
            {
              "name": "all vegan products",
              "label": "wellness > vegan > all vegan products"
            }
          ],
          [
            {
              "name": "shop all",
              "label": "health & pharmacy > lifestyle & wellbeing > diet & weight management > shop all"
            },
            {
              "name": "CBD",
              "label": "health & pharmacy > lifestyle & wellbeing > alternative therapies > CBD"
            },
            {
              "name": "shop all",
              "label": "health & pharmacy > lifestyle & wellbeing > alternative therapies > shop all"
            },
            {
              "name": "CBD",
              "label": "health & pharmacy > vitamins & supplements > shop by ingredient > CBD"
            },
            {
              "name": "CBD",
              "label": "wellness > vitamins & supplements > shop by ingredient > CBD"
            }
          ]
        ],
        "reviews": {
          "average": 4.44,
          "count": 55,
          "rounded": 4
        },
        "parent": {
          "product": "2908092",
          "partNumber": null,
          "model": "10337585",
          "manufacturerModel": null
        },
        "images": {
          "thumbnail": "https://boots.scene7.com/is/image/Boots/10337585?wid=45&hei=60&op_sharpen=1"
        },
        "offers": [],
        "actions": {},
        "iconUri": "https://boots.scene7.com/is/image/Boots/10337585?op_sharpen=1",
        "title": "Trip CBD Drink Peach Ginger - 24 x 250ml Bundle",
        "referenceUri": "/trip-cbd-drink-peach-ginger-24-x-250ml-bundle-10337585",
        "canAddToBasket": "yes",
        "opticians": false,
        "inStock": true,
        "expressDelivery": false,
        "hasOtherPromotion": false,
        "channelPromotionalTextMap": {
          "-1": [],
          "-6": []
        },
        "adCardPoints": 108
      },
      {
        "ppuQuantity": "140G",
        "pricing": {
          "perUnit": "£2.14 per 100G",
          "regular": {
            "value": 2.99,
            "currency": "GBP",
            "text": "£2.99"
          },
          "current": {
            "value": 2.99,
            "currency": "GBP",
            "text": "£2.99"
          }
        },
        "objectId": "2186466",
        "brand": "Nakd",
        "attributes": {
          "suitable_for": "vegan",
          "product_type": "snacks",
          "flavour": "blueberry",
          "StockOverrideMessage": "STOCK_COMING_SOON",
          "size": "0-10",
          "format": "bars & snacks",
          "hasPriceAdvantageDeal": false,
          "Reporting_Category": "nutrition",
          "free_from": [
            "dairy-free",
            "gluten-free"
          ],
          "ProductReviewFlag": "1"
        },
        "variants": {
          "colours": [],
          "hasColours": false,
          "hasSizes": false
        },
        "categories": [
          [
            {
              "name": "vegan",
              "label": "vegan"
            },
            {
              "name": "wellness",
              "label": "wellness"
            }
          ],
          [
            {
              "name": "all vegan products",
              "label": "vegan > all vegan products"
            },
            {
              "name": "food & drink",
              "label": "wellness > food & drink"
            },
            {
              "name": "vegan",
              "label": "wellness > vegan"
            },
            {
              "name": "all vegan products",
              "label": "wellness > all vegan products"
            },
            {
              "name": "vegan food",
              "label": "vegan > vegan food"
            }
          ],
          [
            {
              "name": "breakfast bars & cereals",
              "label": "wellness > food & drink > breakfast bars & cereals"
            },
            {
              "name": "free from",
              "label": "wellness > food & drink > free from"
            },
            {
              "name": "sweet snacks",
              "label": "wellness > food & drink > sweet snacks"
            },
            {
              "name": "vegan food",
              "label": "wellness > food & drink > vegan food"
            },
            {
              "name": "shop all",
              "label": "wellness > food & drink > shop all"
            },
            {
              "name": "sweet and savoury snacks",
              "label": "wellness > food & drink > sweet and savoury snacks"
            },
            {
              "name": "vegan food",
              "label": "wellness > vegan > vegan food"
            },
            {
              "name": "all vegan products",
              "label": "wellness > vegan > all vegan products"
            }
          ]
        ],
        "reviews": {
          "average": 4.33,
          "count": 3,
          "rounded": 4
        },
        "parent": {
          "product": "2186465",
          "partNumber": "10256598.P",
          "model": "10256598",
          "manufacturerModel": "8333963"
        },
        "images": {
          "thumbnail": "https://boots.scene7.com/is/image/Boots/10256598?wid=45&hei=60&op_sharpen=1"
        },
        "offers": [],
        "actions": {},
        "iconUri": "https://boots.scene7.com/is/image/Boots/10256598?op_sharpen=1",
        "title": "Nakd Raw Fruit & Nut Wholefood Bars Blueberry Muffin - 4 x 35g",
        "referenceUri": "/nakd-raw-fruit-nut-wholefood-bars-blueberry-muffin-4-x-35g-bars-10256598",
        "canAddToBasket": "yes",
        "opticians": false,
        "inStock": true,
        "expressDelivery": false,
        "hasOtherPromotion": false,
        "channelPromotionalTextMap": {
          "-1": [],
          "-6": []
        },
        "adCardPoints": 6
      },
      {
        "ppuQuantity": "120G",
        "pricing": {
          "perUnit": "£2.49 per 100G",
          "regular": {
            "value": 2.99,
            "currency": "GBP",
            "text": "£2.99"
          },
          "current": {
            "value": 2.99,
            "currency": "GBP",
            "text": "£2.99"
          }
        },
        "objectId": "1536868",
        "brand": "Nakd",
        "attributes": {
          "suitable_for": "vegan",
          "product_type": "snacks",
          "flavour": [
            "chocolate",
            "orange"
          ],
          "size": "0-10",
          "StockOverrideMessage": "STOCK_COMING_SOON",
          "parentCategory_UK": "34091",
          "format": "bars & snacks",
          "hasPriceAdvantageDeal": false,
          "Reporting_Category": "nutrition",
          "free_from": [
            "gluten-free",
            "dairy-free"
          ],
          "ProductReviewFlag": "1"
        },
        "variants": {
          "colours": [],
          "hasColours": false,
          "hasSizes": false
        },
        "categories": [
          [
            {
              "name": "vegan",
              "label": "vegan"
            },
            {
              "name": "health & pharmacy",
              "label": "health & pharmacy"
            },
            {
              "name": "wellness",
              "label": "wellness"
            }
          ],
          [
            {
              "name": "all vegan products",
              "label": "vegan > all vegan products"
            },
            {
              "name": "lifestyle & wellbeing",
              "label": "health & pharmacy > lifestyle & wellbeing"
            },
            {
              "name": "food & drink",
              "label": "wellness > food & drink"
            },
            {
              "name": "vegan",
              "label": "wellness > vegan"
            },
            {
              "name": "all vegan products",
              "label": "wellness > all vegan products"
            },
            {
              "name": "vegan food",
              "label": "vegan > vegan food"
            }
          ],
          [
            {
              "name": "health food",
              "label": "health & pharmacy > lifestyle & wellbeing > health food"
            },
            {
              "name": "breakfast bars & cereals",
              "label": "wellness > food & drink > breakfast bars & cereals"
            },
            {
              "name": "free from",
              "label": "wellness > food & drink > free from"
            },
            {
              "name": "sweet snacks",
              "label": "wellness > food & drink > sweet snacks"
            },
            {
              "name": "vegan food",
              "label": "wellness > food & drink > vegan food"
            },
            {
              "name": "shop all",
              "label": "wellness > food & drink > shop all"
            },
            {
              "name": "sweet and savoury snacks",
              "label": "wellness > food & drink > sweet and savoury snacks"
            },
            {
              "name": "vegan food",
              "label": "wellness > vegan > vegan food"
            },
            {
              "name": "all vegan products",
              "label": "wellness > vegan > all vegan products"
            }
          ]
        ],
        "reviews": {
          "average": 5,
          "count": 2,
          "rounded": 5
        },
        "parent": {
          "product": "1536867",
          "partNumber": "10183807.P",
          "model": "10183807",
          "manufacturerModel": "6037208"
        },
        "images": {
          "thumbnail": "https://boots.scene7.com/is/image/Boots/10183807?wid=45&hei=60&op_sharpen=1"
        },
        "offers": [],
        "actions": {},
        "iconUri": "https://boots.scene7.com/is/image/Boots/10183807?op_sharpen=1",
        "title": "Nakd Wholefood Cocoa Orange Bars - 4 x 35g",
        "referenceUri": "/nakd-wholefood-cocoa-orange-35g-bars-4-x-35g-10183807",
        "canAddToBasket": "yes",
        "opticians": false,
        "inStock": true,
        "expressDelivery": false,
        "hasOtherPromotion": false,
        "channelPromotionalTextMap": {
          "-1": [],
          "-6": []
        },
        "adCardPoints": 6
      },
      {
        "ppuQuantity": "100G",
        "pricing": {
          "perUnit": "£3.15 per 100G",
          "regular": {
            "value": 3.15,
            "currency": "GBP",
            "text": "£3.15"
          },
          "current": {
            "value": 3.15,
            "currency": "GBP",
            "text": "£3.15"
          }
        },
        "objectId": "2899214",
        "brand": "Graze",
        "attributes": {
          "format": "bars & snacks",
          "hasPriceAdvantageDeal": false,
          "suitable_for": "vegan",
          "StockOverrideMessage": "STOCK_COMING_SOON",
          "ProductReviewFlag": "1"
        },
        "variants": {
          "colours": [],
          "hasColours": false,
          "hasSizes": false
        },
        "categories": [
          [
            {
              "name": "vegan",
              "label": "vegan"
            },
            {
              "name": "health & pharmacy",
              "label": "health & pharmacy"
            },
            {
              "name": "wellness",
              "label": "wellness"
            }
          ],
          [
            {
              "name": "vegan protein & supplements",
              "label": "vegan > vegan protein & supplements"
            },
            {
              "name": "lifestyle & wellbeing",
              "label": "health & pharmacy > lifestyle & wellbeing"
            },
            {
              "name": "sports nutrition",
              "label": "wellness > sports nutrition"
            },
            {
              "name": "food & drink",
              "label": "wellness > food & drink"
            },
            {
              "name": "vegan",
              "label": "wellness > vegan"
            },
            {
              "name": "vegan food",
              "label": "vegan > vegan food"
            }
          ],
          [
            {
              "name": "sports nutrition",
              "label": "health & pharmacy > lifestyle & wellbeing > sports nutrition"
            },
            {
              "name": "vegan protein & supplements",
              "label": "wellness > sports nutrition > vegan protein & supplements"
            },
            {
              "name": "savoury snacks",
              "label": "wellness > food & drink > savoury snacks"
            },
            {
              "name": "vegan food",
              "label": "wellness > food & drink > vegan food"
            },
            {
              "name": "shop all",
              "label": "wellness > food & drink > shop all"
            },
            {
              "name": "sweet and savoury snacks",
              "label": "wellness > food & drink > sweet and savoury snacks"
            },
            {
              "name": "vegan food",
              "label": "wellness > vegan > vegan food"
            },
            {
              "name": "vegan protein & supplements",
              "label": "wellness > vegan > vegan protein & supplements"
            }
          ],
          [
            {
              "name": "vegan protein & supplements",
              "label": "health & pharmacy > lifestyle & wellbeing > sports nutrition > vegan protein & supplements"
            }
          ]
        ],
        "reviews": {
          "average": 4.53,
          "count": 148,
          "rounded": 4
        },
        "parent": {
          "product": "2899213",
          "partNumber": "10336445.P",
          "model": "10336445",
          "manufacturerModel": "5560438"
        },
        "images": {
          "thumbnail": "https://boots.scene7.com/is/image/Boots/10336445?wid=45&hei=60&op_sharpen=1"
        },
        "offers": [],
        "actions": {},
        "iconUri": "https://boots.scene7.com/is/image/Boots/10336445?op_sharpen=1",
        "title": "Graze Sweet Chilli Crunch Sharing Bag -100g",
        "referenceUri": "/graze-sweet-chilli-crunch-sharing-bag-100g-10336445",
        "canAddToBasket": "yes",
        "opticians": false,
        "inStock": true,
        "expressDelivery": false,
        "hasOtherPromotion": false,
        "channelPromotionalTextMap": {
          "-1": [],
          "-6": []
        },
        "adCardPoints": 9
      },
      {
        "ppuQuantity": "24UNI",
        "pricing": {
          "perUnit": "Save £3.00",
          "regular": {
            "value": 36,
            "currency": "GBP",
            "text": "£36.00"
          },
          "current": {
            "value": 36,
            "currency": "GBP",
            "text": "£36.00"
          }
        },
        "objectId": "2908101",
        "brand": "TRIP",
        "attributes": {
          "suitable_for": "vegan",
          "StockOverrideMessage": "STOCK_COMING_SOON",
          "flavour": "mint",
          "hasPriceAdvantageDeal": false,
          "free_from": [
            "gluten-free",
            "dairy-free",
            "artificial flavours"
          ],
          "ProductReviewFlag": "1"
        },
        "variants": {
          "colours": [],
          "hasColours": false,
          "hasSizes": false
        },
        "categories": [
          [
            {
              "name": "vegan",
              "label": "vegan"
            },
            {
              "name": "health & pharmacy",
              "label": "health & pharmacy"
            },
            {
              "name": "wellness",
              "label": "wellness"
            }
          ],
          [
            {
              "name": "all vegan products",
              "label": "vegan > all vegan products"
            },
            {
              "name": "lifestyle & wellbeing",
              "label": "health & pharmacy > lifestyle & wellbeing"
            },
            {
              "name": "vitamins & supplements",
              "label": "health & pharmacy > vitamins & supplements"
            },
            {
              "name": "vitamins & supplements",
              "label": "wellness > vitamins & supplements"
            },
            {
              "name": "diet & weight management",
              "label": "wellness > diet & weight management"
            },
            {
              "name": "food & drink",
              "label": "wellness > food & drink"
            },
            {
              "name": "alternative therapies",
              "label": "wellness > alternative therapies"
            },
            {
              "name": "vegan",
              "label": "wellness > vegan"
            },
            {
              "name": "all vegan products",
              "label": "wellness > all vegan products"
            },
            {
              "name": "CBD",
              "label": "wellness > CBD"
            },
            {
              "name": "vegan food",
              "label": "vegan > vegan food"
            }
          ],
          [
            {
              "name": "diet & weight management",
              "label": "health & pharmacy > lifestyle & wellbeing > diet & weight management"
            },
            {
              "name": "alternative therapies",
              "label": "health & pharmacy > lifestyle & wellbeing > alternative therapies"
            },
            {
              "name": "shop by ingredient",
              "label": "health & pharmacy > vitamins & supplements > shop by ingredient"
            },
            {
              "name": "shop by ingredient",
              "label": "wellness > vitamins & supplements > shop by ingredient"
            },
            {
              "name": "CBD",
              "label": "health & pharmacy > vitamins & supplements > CBD"
            },
            {
              "name": "shop all",
              "label": "wellness > diet & weight management > shop all"
            },
            {
              "name": "CBD",
              "label": "wellness > vitamins & supplements > CBD"
            },
            {
              "name": "vegan food",
              "label": "wellness > food & drink > vegan food"
            },
            {
              "name": "CBD",
              "label": "wellness > alternative therapies > CBD"
            },
            {
              "name": "shop all",
              "label": "wellness > alternative therapies > shop all"
            },
            {
              "name": "vegan food",
              "label": "wellness > vegan > vegan food"
            },
            {
              "name": "all vegan products",
              "label": "wellness > vegan > all vegan products"
            }
          ],
          [
            {
              "name": "shop all",
              "label": "health & pharmacy > lifestyle & wellbeing > diet & weight management > shop all"
            },
            {
              "name": "CBD",
              "label": "health & pharmacy > lifestyle & wellbeing > alternative therapies > CBD"
            },
            {
              "name": "shop all",
              "label": "health & pharmacy > lifestyle & wellbeing > alternative therapies > shop all"
            },
            {
              "name": "CBD",
              "label": "health & pharmacy > vitamins & supplements > shop by ingredient > CBD"
            },
            {
              "name": "CBD",
              "label": "wellness > vitamins & supplements > shop by ingredient > CBD"
            }
          ]
        ],
        "reviews": {
          "average": 4.45,
          "count": 62,
          "rounded": 4
        },
        "parent": {
          "product": "2908101",
          "partNumber": null,
          "model": "10337587",
          "manufacturerModel": null
        },
        "images": {
          "thumbnail": "https://boots.scene7.com/is/image/Boots/10337587?wid=45&hei=60&op_sharpen=1"
        },
        "offers": [],
        "actions": {},
        "iconUri": "https://boots.scene7.com/is/image/Boots/10337587?op_sharpen=1",
        "title": "Trip CBD Drink Elderflower Mint - 24 x 250ml Bundle",
        "referenceUri": "/trip-cbd-drink-elderflower-mint-24-x-250ml-bundle-10337587",
        "canAddToBasket": "yes",
        "opticians": false,
        "inStock": true,
        "expressDelivery": false,
        "hasOtherPromotion": false,
        "channelPromotionalTextMap": {
          "-1": [],
          "-6": []
        },
        "adCardPoints": 108
      },
      {
        "ppuQuantity": "100G",
        "pricing": {
          "perUnit": "£3.15 per 100G",
          "regular": {
            "value": 3.15,
            "currency": "GBP",
            "text": "£3.15"
          },
          "current": {
            "value": 3.15,
            "currency": "GBP",
            "text": "£3.15"
          }
        },
        "objectId": "2899218",
        "brand": "Graze",
        "attributes": {
          "format": "bars & snacks",
          "hasPriceAdvantageDeal": false,
          "suitable_for": "vegan",
          "StockOverrideMessage": "STOCK_COMING_SOON",
          "ProductReviewFlag": "1"
        },
        "variants": {
          "colours": [],
          "hasColours": false,
          "hasSizes": false
        },
        "categories": [
          [
            {
              "name": "vegan",
              "label": "vegan"
            },
            {
              "name": "health & pharmacy",
              "label": "health & pharmacy"
            },
            {
              "name": "wellness",
              "label": "wellness"
            }
          ],
          [
            {
              "name": "vegan protein & supplements",
              "label": "vegan > vegan protein & supplements"
            },
            {
              "name": "lifestyle & wellbeing",
              "label": "health & pharmacy > lifestyle & wellbeing"
            },
            {
              "name": "sports nutrition",
              "label": "wellness > sports nutrition"
            },
            {
              "name": "food & drink",
              "label": "wellness > food & drink"
            },
            {
              "name": "vegan",
              "label": "wellness > vegan"
            },
            {
              "name": "vegan food",
              "label": "vegan > vegan food"
            }
          ],
          [
            {
              "name": "sports nutrition",
              "label": "health & pharmacy > lifestyle & wellbeing > sports nutrition"
            },
            {
              "name": "vegan protein & supplements",
              "label": "wellness > sports nutrition > vegan protein & supplements"
            },
            {
              "name": "savoury snacks",
              "label": "wellness > food & drink > savoury snacks"
            },
            {
              "name": "vegan food",
              "label": "wellness > food & drink > vegan food"
            },
            {
              "name": "shop all",
              "label": "wellness > food & drink > shop all"
            },
            {
              "name": "sweet and savoury snacks",
              "label": "wellness > food & drink > sweet and savoury snacks"
            },
            {
              "name": "vegan food",
              "label": "wellness > vegan > vegan food"
            },
            {
              "name": "vegan protein & supplements",
              "label": "wellness > vegan > vegan protein & supplements"
            }
          ],
          [
            {
              "name": "vegan protein & supplements",
              "label": "health & pharmacy > lifestyle & wellbeing > sports nutrition > vegan protein & supplements"
            }
          ]
        ],
        "reviews": {
          "average": 4.45,
          "count": 302,
          "rounded": 4
        },
        "parent": {
          "product": "2899217",
          "partNumber": "10336447.P",
          "model": "10336447",
          "manufacturerModel": "5560454"
        },
        "images": {
          "thumbnail": "https://boots.scene7.com/is/image/Boots/10336447?wid=45&hei=60&op_sharpen=1"
        },
        "offers": [],
        "actions": {},
        "iconUri": "https://boots.scene7.com/is/image/Boots/10336447?op_sharpen=1",
        "title": "Graze Chilli & Lime Protein Nut Crunch Bag - 100g",
        "referenceUri": "/graze-chilli-and-lime-protein-nut-crunch-bag-100g-10336447",
        "canAddToBasket": "yes",
        "opticians": false,
        "inStock": true,
        "expressDelivery": false,
        "hasOtherPromotion": false,
        "channelPromotionalTextMap": {
          "-1": [],
          "-6": []
        },
        "adCardPoints": 9
      },
      {
        "ppuQuantity": "50G",
        "pricing": {
          "perUnit": "£2.38 per 100G",
          "regular": {
            "value": 1.19,
            "currency": "GBP",
            "text": "£1.19"
          },
          "current": {
            "value": 1.19,
            "currency": "GBP",
            "text": "£1.19"
          }
        },
        "objectId": "2221427",
        "brand": "Deliciously Ella",
        "attributes": {
          "suitable_for": "vegan",
          "product_type": "snacks",
          "size": "0-10",
          "StockOverrideMessage": "STOCK_COMING_SOON",
          "flavour": "nut",
          "format": "bars & snacks",
          "hasPriceAdvantageDeal": false,
          "Reporting_Category": "nutrition",
          "free_from": [
            "gluten-free",
            "dairy-free"
          ],
          "ProductReviewFlag": "1"
        },
        "variants": {
          "colours": [],
          "hasColours": false,
          "hasSizes": false
        },
        "categories": [
          [
            {
              "name": "vegan",
              "label": "vegan"
            },
            {
              "name": "wellness",
              "label": "wellness"
            }
          ],
          [
            {
              "name": "all vegan products",
              "label": "vegan > all vegan products"
            },
            {
              "name": "food & drink",
              "label": "wellness > food & drink"
            },
            {
              "name": "vegan",
              "label": "wellness > vegan"
            },
            {
              "name": "all vegan products",
              "label": "wellness > all vegan products"
            },
            {
              "name": "vegan food",
              "label": "vegan > vegan food"
            }
          ],
          [
            {
              "name": "free from",
              "label": "wellness > food & drink > free from"
            },
            {
              "name": "sweet snacks",
              "label": "wellness > food & drink > sweet snacks"
            },
            {
              "name": "vegan food",
              "label": "wellness > food & drink > vegan food"
            },
            {
              "name": "shop all",
              "label": "wellness > food & drink > shop all"
            },
            {
              "name": "sweet and savoury snacks",
              "label": "wellness > food & drink > sweet and savoury snacks"
            },
            {
              "name": "vegan food",
              "label": "wellness > vegan > vegan food"
            },
            {
              "name": "all vegan products",
              "label": "wellness > vegan > all vegan products"
            }
          ]
        ],
        "reviews": {
          "average": 4.33,
          "count": 3,
          "rounded": 4
        },
        "parent": {
          "product": "2221426",
          "partNumber": "10259582.P",
          "model": "10259582",
          "manufacturerModel": "8361576"
        },
        "images": {
          "thumbnail": "https://boots.scene7.com/is/image/Boots/10259582?wid=45&hei=60&op_sharpen=1"
        },
        "offers": [],
        "actions": {},
        "iconUri": "https://boots.scene7.com/is/image/Boots/10259582?op_sharpen=1",
        "title": "Deliciously Ella Cacao & Almond Oat Bar - 50g",
        "referenceUri": "/deliciously-ella-cacao-and-almond-oat-bar-10259582",
        "canAddToBasket": "yes",
        "opticians": false,
        "inStock": true,
        "expressDelivery": false,
        "hasOtherPromotion": false,
        "channelPromotionalTextMap": {
          "-1": [],
          "-6": []
        },
        "adCardPoints": 3
      },
      {
        "ppuQuantity": "12UNI",
        "pricing": {
          "perUnit": "Save £1.50",
          "regular": {
            "value": 18,
            "currency": "GBP",
            "text": "£18.00"
          },
          "current": {
            "value": 18,
            "currency": "GBP",
            "text": "£18.00"
          }
        },
        "objectId": "2908094",
        "brand": "TRIP",
        "attributes": {
          "suitable_for": "vegan",
          "flavour": "lemon",
          "StockOverrideMessage": "STOCK_COMING_SOON",
          "hasPriceAdvantageDeal": false,
          "free_from": [
            "artificial flavours",
            "dairy-free",
            "gluten-free"
          ],
          "ProductReviewFlag": "1"
        },
        "variants": {
          "colours": [],
          "hasColours": false,
          "hasSizes": false
        },
        "categories": [
          [
            {
              "name": "vegan",
              "label": "vegan"
            },
            {
              "name": "health & pharmacy",
              "label": "health & pharmacy"
            },
            {
              "name": "wellness",
              "label": "wellness"
            }
          ],
          [
            {
              "name": "all vegan products",
              "label": "vegan > all vegan products"
            },
            {
              "name": "lifestyle & wellbeing",
              "label": "health & pharmacy > lifestyle & wellbeing"
            },
            {
              "name": "vitamins & supplements",
              "label": "health & pharmacy > vitamins & supplements"
            },
            {
              "name": "vitamins & supplements",
              "label": "wellness > vitamins & supplements"
            },
            {
              "name": "diet & weight management",
              "label": "wellness > diet & weight management"
            },
            {
              "name": "food & drink",
              "label": "wellness > food & drink"
            },
            {
              "name": "alternative therapies",
              "label": "wellness > alternative therapies"
            },
            {
              "name": "vegan",
              "label": "wellness > vegan"
            },
            {
              "name": "all vegan products",
              "label": "wellness > all vegan products"
            },
            {
              "name": "CBD",
              "label": "wellness > CBD"
            },
            {
              "name": "vegan food",
              "label": "vegan > vegan food"
            }
          ],
          [
            {
              "name": "diet & weight management",
              "label": "health & pharmacy > lifestyle & wellbeing > diet & weight management"
            },
            {
              "name": "alternative therapies",
              "label": "health & pharmacy > lifestyle & wellbeing > alternative therapies"
            },
            {
              "name": "shop by ingredient",
              "label": "health & pharmacy > vitamins & supplements > shop by ingredient"
            },
            {
              "name": "shop by ingredient",
              "label": "wellness > vitamins & supplements > shop by ingredient"
            },
            {
              "name": "CBD",
              "label": "health & pharmacy > vitamins & supplements > CBD"
            },
            {
              "name": "shop all",
              "label": "wellness > diet & weight management > shop all"
            },
            {
              "name": "CBD",
              "label": "wellness > vitamins & supplements > CBD"
            },
            {
              "name": "vegan food",
              "label": "wellness > food & drink > vegan food"
            },
            {
              "name": "CBD",
              "label": "wellness > alternative therapies > CBD"
            },
            {
              "name": "shop all",
              "label": "wellness > alternative therapies > shop all"
            },
            {
              "name": "vegan food",
              "label": "wellness > vegan > vegan food"
            },
            {
              "name": "all vegan products",
              "label": "wellness > vegan > all vegan products"
            }
          ],
          [
            {
              "name": "shop all",
              "label": "health & pharmacy > lifestyle & wellbeing > diet & weight management > shop all"
            },
            {
              "name": "CBD",
              "label": "health & pharmacy > lifestyle & wellbeing > alternative therapies > CBD"
            },
            {
              "name": "shop all",
              "label": "health & pharmacy > lifestyle & wellbeing > alternative therapies > shop all"
            },
            {
              "name": "CBD",
              "label": "health & pharmacy > vitamins & supplements > shop by ingredient > CBD"
            },
            {
              "name": "CBD",
              "label": "wellness > vitamins & supplements > shop by ingredient > CBD"
            }
          ]
        ],
        "reviews": {
          "average": 4.22,
          "count": 36,
          "rounded": 4
        },
        "parent": {
          "product": "2908094",
          "partNumber": null,
          "model": "10337588",
          "manufacturerModel": null
        },
        "images": {
          "thumbnail": "https://boots.scene7.com/is/image/Boots/10337588?wid=45&hei=60&op_sharpen=1"
        },
        "offers": [],
        "actions": {},
        "iconUri": "https://boots.scene7.com/is/image/Boots/10337588?op_sharpen=1",
        "title": "Trip CBD Drink Lemon & Basil - 12 x 250ml Bundle",
        "referenceUri": "/trip-cbd-drink-lemon-and-basil-12-x-250ml-bundle-10337588",
        "canAddToBasket": "yes",
        "opticians": false,
        "inStock": true,
        "expressDelivery": false,
        "hasOtherPromotion": false,
        "channelPromotionalTextMap": {
          "-1": [],
          "-6": []
        },
        "adCardPoints": 54
      },
      {
        "ppuQuantity": "75G",
        "pricing": {
          "perUnit": "£4.39 per 100G",
          "regular": {
            "value": 3.29,
            "currency": "GBP",
            "text": "£3.29"
          },
          "current": {
            "value": 3.29,
            "currency": "GBP",
            "text": "£3.29"
          }
        },
        "objectId": "2899226",
        "brand": "Deliciously Ella",
        "attributes": {
          "suitable_for": [
            "vegetarian",
            "vegan"
          ],
          "StockOverrideMessage": "STOCK_COMING_SOON",
          "flavour": "chocolate",
          "format": "bars & snacks",
          "hasPriceAdvantageDeal": false,
          "free_from": [
            "artificial preservatives",
            "artificial colours",
            "dairy-free",
            "soya-free",
            "artificial flavours",
            "gluten-free"
          ],
          "ProductReviewFlag": "1"
        },
        "variants": {
          "colours": [],
          "hasColours": false,
          "hasSizes": false
        },
        "categories": [
          [
            {
              "name": "vegan",
              "label": "vegan"
            },
            {
              "name": "wellness",
              "label": "wellness"
            }
          ],
          [
            {
              "name": "all vegan products",
              "label": "vegan > all vegan products"
            },
            {
              "name": "food & drink",
              "label": "wellness > food & drink"
            },
            {
              "name": "vegan",
              "label": "wellness > vegan"
            },
            {
              "name": "all vegan products",
              "label": "wellness > all vegan products"
            },
            {
              "name": "vegan food",
              "label": "vegan > vegan food"
            }
          ],
          [
            {
              "name": "free from",
              "label": "wellness > food & drink > free from"
            },
            {
              "name": "sweet snacks",
              "label": "wellness > food & drink > sweet snacks"
            },
            {
              "name": "vegan food",
              "label": "wellness > food & drink > vegan food"
            },
            {
              "name": "shop all",
              "label": "wellness > food & drink > shop all"
            },
            {
              "name": "sweet and savoury snacks",
              "label": "wellness > food & drink > sweet and savoury snacks"
            },
            {
              "name": "vegan food",
              "label": "wellness > vegan > vegan food"
            },
            {
              "name": "all vegan products",
              "label": "wellness > vegan > all vegan products"
            }
          ]
        ],
        "reviews": {
          "average": 1,
          "count": 1,
          "rounded": 1
        },
        "parent": {
          "product": "2899225",
          "partNumber": "10336451.P",
          "model": "10336451",
          "manufacturerModel": "5588944"
        },
        "images": {
          "thumbnail": "https://boots.scene7.com/is/image/Boots/10336451?wid=45&hei=60&op_sharpen=1"
        },
        "offers": [],
        "actions": {},
        "iconUri": "https://boots.scene7.com/is/image/Boots/10336451?op_sharpen=1",
        "title": "Deliciously Ella Creamy Chocolate - 75g",
        "referenceUri": "/deliciously-ella-creamy-chocolate-75g-10336451",
        "canAddToBasket": "yes",
        "opticians": false,
        "inStock": true,
        "expressDelivery": false,
        "hasOtherPromotion": false,
        "channelPromotionalTextMap": {
          "-1": [],
          "-6": []
        },
        "adCardPoints": 9
      },
      {
        "ppuQuantity": "115G",
        "pricing": {
          "perUnit": "£2.43 per 100G",
          "regular": {
            "value": 2.79,
            "currency": "GBP",
            "text": "£2.79"
          },
          "current": {
            "value": 2.79,
            "currency": "GBP",
            "text": "£2.79"
          }
        },
        "objectId": "2899242",
        "brand": "Love Corn",
        "attributes": {
          "suitable_for": [
            "vegetarian",
            "vegan"
          ],
          "StockOverrideMessage": "STOCK_COMING_SOON",
          "format": "bars & snacks",
          "hasPriceAdvantageDeal": false,
          "free_from": [
            "artificial colours",
            "dairy-free",
            "lactose-free",
            "artificial flavours",
            "gluten-free"
          ],
          "ProductReviewFlag": "1"
        },
        "variants": {
          "colours": [],
          "hasColours": false,
          "hasSizes": false
        },
        "categories": [
          [
            {
              "name": "vegan",
              "label": "vegan"
            },
            {
              "name": "wellness",
              "label": "wellness"
            },
            {
              "name": "health & pharmacy",
              "label": "health & pharmacy"
            },
            {
              "name": "new in",
              "label": "new in"
            }
          ],
          [
            {
              "name": "food & drink",
              "label": "wellness > food & drink"
            },
            {
              "name": "vegan",
              "label": "wellness > vegan"
            },
            {
              "name": "new in health",
              "label": "health & pharmacy > new in health"
            },
            {
              "name": "all vegan products",
              "label": "wellness > all vegan products"
            },
            {
              "name": "new in health",
              "label": "new in > new in health"
            },
            {
              "name": "vegan food",
              "label": "vegan > vegan food"
            },
            {
              "name": "all vegan products",
              "label": "vegan > all vegan products"
            }
          ],
          [
            {
              "name": "dry fruits nuts & seeds",
              "label": "wellness > food & drink > dry fruits nuts & seeds"
            },
            {
              "name": "free from",
              "label": "wellness > food & drink > free from"
            },
            {
              "name": "savoury snacks",
              "label": "wellness > food & drink > savoury snacks"
            },
            {
              "name": "vegan food",
              "label": "wellness > food & drink > vegan food"
            },
            {
              "name": "shop all",
              "label": "wellness > food & drink > shop all"
            },
            {
              "name": "sweet and savoury snacks",
              "label": "wellness > food & drink > sweet and savoury snacks"
            },
            {
              "name": "vegan food",
              "label": "wellness > vegan > vegan food"
            },
            {
              "name": "all vegan products",
              "label": "wellness > vegan > all vegan products"
            }
          ]
        ],
        "reviews": {
          "average": null,
          "count": null,
          "rounded": null
        },
        "parent": {
          "product": "2899241",
          "partNumber": "10336461.P",
          "model": "10336461",
          "manufacturerModel": "5740789"
        },
        "images": {
          "thumbnail": "https://boots.scene7.com/is/image/Boots/10336461?wid=45&hei=60&op_sharpen=1"
        },
        "offers": [],
        "actions": {},
        "iconUri": "https://boots.scene7.com/is/image/Boots/10336461?op_sharpen=1",
        "title": "LOVE CORN Cheese & Onion - 115g",
        "referenceUri": "/love-corn-cheese-and-onion-115g-10336461",
        "canAddToBasket": "yes",
        "opticians": false,
        "inStock": true,
        "expressDelivery": false,
        "hasOtherPromotion": false,
        "channelPromotionalTextMap": {
          "-1": [],
          "-6": []
        },
        "adCardPoints": 6
      },
      {
        "ppuQuantity": "115G",
        "pricing": {
          "perUnit": "£2.43 per 100G",
          "regular": {
            "value": 2.79,
            "currency": "GBP",
            "text": "£2.79"
          },
          "current": {
            "value": 2.79,
            "currency": "GBP",
            "text": "£2.79"
          }
        },
        "objectId": "2786277",
        "brand": "Love Corn",
        "attributes": {
          "suitable_for": "vegan",
          "product_type": "snacks",
          "flavour": "nut",
          "StockOverrideMessage": "STOCK_COMING_SOON",
          "format": "bars & snacks",
          "hasPriceAdvantageDeal": false,
          "free_from": [
            "dairy-free",
            "gluten-free"
          ],
          "ProductReviewFlag": "1"
        },
        "variants": {
          "colours": [],
          "hasColours": false,
          "hasSizes": false
        },
        "categories": [
          [
            {
              "name": "vegan",
              "label": "vegan"
            },
            {
              "name": "wellness",
              "label": "wellness"
            }
          ],
          [
            {
              "name": "food & drink",
              "label": "wellness > food & drink"
            },
            {
              "name": "vegan",
              "label": "wellness > vegan"
            },
            {
              "name": "all vegan products",
              "label": "wellness > all vegan products"
            },
            {
              "name": "vegan food",
              "label": "vegan > vegan food"
            },
            {
              "name": "all vegan products",
              "label": "vegan > all vegan products"
            }
          ],
          [
            {
              "name": "dry fruits nuts & seeds",
              "label": "wellness > food & drink > dry fruits nuts & seeds"
            },
            {
              "name": "free from",
              "label": "wellness > food & drink > free from"
            },
            {
              "name": "savoury snacks",
              "label": "wellness > food & drink > savoury snacks"
            },
            {
              "name": "vegan food",
              "label": "wellness > food & drink > vegan food"
            },
            {
              "name": "shop all",
              "label": "wellness > food & drink > shop all"
            },
            {
              "name": "sweet and savoury snacks",
              "label": "wellness > food & drink > sweet and savoury snacks"
            },
            {
              "name": "vegan food",
              "label": "wellness > vegan > vegan food"
            },
            {
              "name": "all vegan products",
              "label": "wellness > vegan > all vegan products"
            }
          ]
        ],
        "reviews": {
          "average": null,
          "count": null,
          "rounded": null
        },
        "parent": {
          "product": "2786276",
          "partNumber": "10323305.P",
          "model": "10323305",
          "manufacturerModel": "5097290"
        },
        "images": {
          "thumbnail": "https://boots.scene7.com/is/image/Boots/10323305?wid=45&hei=60&op_sharpen=1"
        },
        "offers": [],
        "actions": {},
        "iconUri": "https://boots.scene7.com/is/image/Boots/10323305?op_sharpen=1",
        "title": "Love Corn BBQ Crunchy Corn 115g",
        "referenceUri": "/love-corn-bbq-crunchy-corn-115g-10323305",
        "canAddToBasket": "yes",
        "opticians": false,
        "inStock": true,
        "expressDelivery": false,
        "hasOtherPromotion": false,
        "channelPromotionalTextMap": {
          "-1": [],
          "-6": []
        },
        "adCardPoints": 6
      },
      {
        "ppuQuantity": "45G",
        "pricing": {
          "perUnit": "£3.98 per 100G",
          "regular": {
            "value": 1.79,
            "currency": "GBP",
            "text": "£1.79"
          },
          "current": {
            "value": 1.79,
            "currency": "GBP",
            "text": "£1.79"
          }
        },
        "objectId": "2609093",
        "brand": "Loveraw",
        "attributes": {
          "suitable_for": "vegan",
          "product_type": "snacks",
          "StockOverrideMessage": "STOCK_COMING_SOON",
          "flavour": "chocolate",
          "format": "bars & snacks",
          "hasPriceAdvantageDeal": false,
          "free_from": "dairy-free",
          "ProductReviewFlag": "1"
        },
        "variants": {
          "colours": [],
          "hasColours": false,
          "hasSizes": false
        },
        "categories": [
          [
            {
              "name": "vegan",
              "label": "vegan"
            },
            {
              "name": "wellness",
              "label": "wellness"
            }
          ],
          [
            {
              "name": "all vegan products",
              "label": "vegan > all vegan products"
            },
            {
              "name": "food & drink",
              "label": "wellness > food & drink"
            },
            {
              "name": "vegan",
              "label": "wellness > vegan"
            },
            {
              "name": "all vegan products",
              "label": "wellness > all vegan products"
            },
            {
              "name": "vegan food",
              "label": "vegan > vegan food"
            }
          ],
          [
            {
              "name": "free from",
              "label": "wellness > food & drink > free from"
            },
            {
              "name": "sweet snacks",
              "label": "wellness > food & drink > sweet snacks"
            },
            {
              "name": "vegan food",
              "label": "wellness > food & drink > vegan food"
            },
            {
              "name": "shop all",
              "label": "wellness > food & drink > shop all"
            },
            {
              "name": "sweet and savoury snacks",
              "label": "wellness > food & drink > sweet and savoury snacks"
            },
            {
              "name": "vegan food",
              "label": "wellness > vegan > vegan food"
            },
            {
              "name": "all vegan products",
              "label": "wellness > vegan > all vegan products"
            }
          ]
        ],
        "reviews": {
          "average": null,
          "count": null,
          "rounded": null
        },
        "parent": {
          "product": "2609092",
          "partNumber": "10302553.P",
          "model": "10302553",
          "manufacturerModel": "7724985"
        },
        "images": {
          "thumbnail": "https://boots.scene7.com/is/image/Boots/10302553?wid=45&hei=60&op_sharpen=1"
        },
        "offers": [],
        "actions": {},
        "iconUri": "https://boots.scene7.com/is/image/Boots/10302553?op_sharpen=1",
        "title": "Love Raw Vegan Cream Filled Wafer Bars White Chocolate 45g",
        "referenceUri": "/love-raw-vegan-cream-filled-wafer-bars-white-chocolate-45g-10302553",
        "canAddToBasket": "yes",
        "opticians": false,
        "inStock": true,
        "expressDelivery": false,
        "hasOtherPromotion": false,
        "channelPromotionalTextMap": {
          "-1": [],
          "-6": []
        },
        "adCardPoints": 3
      },
      {
        "ppuQuantity": "115G",
        "pricing": {
          "perUnit": "£2.43 per 100G",
          "regular": {
            "value": 2.79,
            "currency": "GBP",
            "text": "£2.79"
          },
          "current": {
            "value": 2.79,
            "currency": "GBP",
            "text": "£2.79"
          }
        },
        "objectId": "2786279",
        "brand": "Love Corn",
        "attributes": {
          "suitable_for": "vegan",
          "product_type": "snacks",
          "flavour": "nut",
          "StockOverrideMessage": "STOCK_COMING_SOON",
          "format": "bars & snacks",
          "hasPriceAdvantageDeal": false,
          "free_from": [
            "dairy-free",
            "gluten-free"
          ],
          "ProductReviewFlag": "1"
        },
        "variants": {
          "colours": [],
          "hasColours": false,
          "hasSizes": false
        },
        "categories": [
          [
            {
              "name": "vegan",
              "label": "vegan"
            },
            {
              "name": "wellness",
              "label": "wellness"
            }
          ],
          [
            {
              "name": "food & drink",
              "label": "wellness > food & drink"
            },
            {
              "name": "vegan",
              "label": "wellness > vegan"
            },
            {
              "name": "all vegan products",
              "label": "wellness > all vegan products"
            },
            {
              "name": "vegan food",
              "label": "vegan > vegan food"
            },
            {
              "name": "all vegan products",
              "label": "vegan > all vegan products"
            }
          ],
          [
            {
              "name": "dry fruits nuts & seeds",
              "label": "wellness > food & drink > dry fruits nuts & seeds"
            },
            {
              "name": "free from",
              "label": "wellness > food & drink > free from"
            },
            {
              "name": "savoury snacks",
              "label": "wellness > food & drink > savoury snacks"
            },
            {
              "name": "vegan food",
              "label": "wellness > food & drink > vegan food"
            },
            {
              "name": "shop all",
              "label": "wellness > food & drink > shop all"
            },
            {
              "name": "sweet and savoury snacks",
              "label": "wellness > food & drink > sweet and savoury snacks"
            },
            {
              "name": "vegan food",
              "label": "wellness > vegan > vegan food"
            },
            {
              "name": "all vegan products",
              "label": "wellness > vegan > all vegan products"
            }
          ]
        ],
        "reviews": {
          "average": 5,
          "count": 1,
          "rounded": 5
        },
        "parent": {
          "product": "2786278",
          "partNumber": "10323306.P",
          "model": "10323306",
          "manufacturerModel": "5097304"
        },
        "images": {
          "thumbnail": "https://boots.scene7.com/is/image/Boots/10323306?wid=45&hei=60&op_sharpen=1"
        },
        "offers": [],
        "actions": {},
        "iconUri": "https://boots.scene7.com/is/image/Boots/10323306?op_sharpen=1",
        "title": "Love Corn Salt & Vinegar Crunchy Corn 115g",
        "referenceUri": "/love-corn-salt-vinegar-crunchy-corn-115g-10323306",
        "canAddToBasket": "yes",
        "opticians": false,
        "inStock": true,
        "expressDelivery": false,
        "hasOtherPromotion": false,
        "channelPromotionalTextMap": {
          "-1": [],
          "-6": []
        },
        "adCardPoints": 6
      },
      {
        "ppuQuantity": "50G",
        "pricing": {
          "perUnit": "£2.38 per 100G",
          "regular": {
            "value": 1.19,
            "currency": "GBP",
            "text": "£1.19"
          },
          "current": {
            "value": 1.19,
            "currency": "GBP",
            "text": "£1.19"
          }
        },
        "objectId": "2381456",
        "brand": "Deliciously Ella",
        "attributes": {
          "suitable_for": "vegan",
          "flavour": "nut",
          "StockOverrideMessage": "STOCK_COMING_SOON",
          "pack_size": "71–100",
          "hasPriceAdvantageDeal": false,
          "Reporting_Category": "nutrition",
          "free_from": "gluten-free",
          "ProductReviewFlag": "1"
        },
        "variants": {
          "colours": [],
          "hasColours": false,
          "hasSizes": false
        },
        "categories": [
          [
            {
              "name": "vegan",
              "label": "vegan"
            },
            {
              "name": "wellness",
              "label": "wellness"
            }
          ],
          [
            {
              "name": "vegan food",
              "label": "vegan > vegan food"
            },
            {
              "name": "food & drink",
              "label": "wellness > food & drink"
            },
            {
              "name": "vegan",
              "label": "wellness > vegan"
            }
          ],
          [
            {
              "name": "breakfast bars & cereals",
              "label": "wellness > food & drink > breakfast bars & cereals"
            },
            {
              "name": "free from",
              "label": "wellness > food & drink > free from"
            },
            {
              "name": "sweet snacks",
              "label": "wellness > food & drink > sweet snacks"
            },
            {
              "name": "vegan food",
              "label": "wellness > food & drink > vegan food"
            },
            {
              "name": "shop all",
              "label": "wellness > food & drink > shop all"
            },
            {
              "name": "sweet and savoury snacks",
              "label": "wellness > food & drink > sweet and savoury snacks"
            },
            {
              "name": "vegan food",
              "label": "wellness > vegan > vegan food"
            }
          ]
        ],
        "reviews": {
          "average": 5,
          "count": 3,
          "rounded": 5
        },
        "parent": {
          "product": "2381455",
          "partNumber": "10278500.P",
          "model": "10278500",
          "manufacturerModel": "8833370"
        },
        "images": {
          "thumbnail": "https://boots.scene7.com/is/image/Boots/10278500?wid=45&hei=60&op_sharpen=1"
        },
        "offers": [],
        "actions": {},
        "iconUri": "https://boots.scene7.com/is/image/Boots/10278500?op_sharpen=1",
        "title": "Deliciously Ella Peanut Butter Oat Bar 50g",
        "referenceUri": "/delicously-ella-peant-butter-oat-bar-50g-10278500",
        "canAddToBasket": "yes",
        "opticians": false,
        "inStock": true,
        "expressDelivery": false,
        "hasOtherPromotion": false,
        "channelPromotionalTextMap": {
          "-1": [],
          "-6": []
        },
        "adCardPoints": 3
      },
      {
        "ppuQuantity": "100G",
        "pricing": {
          "perUnit": "£3.15 per 100G",
          "regular": {
            "value": 3.15,
            "currency": "GBP",
            "text": "£3.15"
          },
          "current": {
            "value": 3.15,
            "currency": "GBP",
            "text": "£3.15"
          }
        },
        "objectId": "2899212",
        "brand": "Graze",
        "attributes": {
          "format": "bars & snacks",
          "hasPriceAdvantageDeal": false,
          "suitable_for": "vegan",
          "StockOverrideMessage": "STOCK_COMING_SOON",
          "ProductReviewFlag": "1"
        },
        "variants": {
          "colours": [],
          "hasColours": false,
          "hasSizes": false
        },
        "categories": [
          [
            {
              "name": "vegan",
              "label": "vegan"
            },
            {
              "name": "health & pharmacy",
              "label": "health & pharmacy"
            },
            {
              "name": "wellness",
              "label": "wellness"
            }
          ],
          [
            {
              "name": "vegan protein & supplements",
              "label": "vegan > vegan protein & supplements"
            },
            {
              "name": "lifestyle & wellbeing",
              "label": "health & pharmacy > lifestyle & wellbeing"
            },
            {
              "name": "sports nutrition",
              "label": "wellness > sports nutrition"
            },
            {
              "name": "food & drink",
              "label": "wellness > food & drink"
            },
            {
              "name": "vegan",
              "label": "wellness > vegan"
            },
            {
              "name": "vegan food",
              "label": "vegan > vegan food"
            }
          ],
          [
            {
              "name": "sports nutrition",
              "label": "health & pharmacy > lifestyle & wellbeing > sports nutrition"
            },
            {
              "name": "vegan protein & supplements",
              "label": "wellness > sports nutrition > vegan protein & supplements"
            },
            {
              "name": "savoury snacks",
              "label": "wellness > food & drink > savoury snacks"
            },
            {
              "name": "vegan food",
              "label": "wellness > food & drink > vegan food"
            },
            {
              "name": "shop all",
              "label": "wellness > food & drink > shop all"
            },
            {
              "name": "sweet and savoury snacks",
              "label": "wellness > food & drink > sweet and savoury snacks"
            },
            {
              "name": "vegan food",
              "label": "wellness > vegan > vegan food"
            },
            {
              "name": "vegan protein & supplements",
              "label": "wellness > vegan > vegan protein & supplements"
            }
          ],
          [
            {
              "name": "vegan protein & supplements",
              "label": "health & pharmacy > lifestyle & wellbeing > sports nutrition > vegan protein & supplements"
            }
          ]
        ],
        "reviews": {
          "average": 4.56,
          "count": 480,
          "rounded": 4
        },
        "parent": {
          "product": "2899211",
          "partNumber": "10336444.P",
          "model": "10336444",
          "manufacturerModel": "5560411"
        },
        "images": {
          "thumbnail": "https://boots.scene7.com/is/image/Boots/10336444?wid=45&hei=60&op_sharpen=1"
        },
        "offers": [],
        "actions": {},
        "iconUri": "https://boots.scene7.com/is/image/Boots/10336444?op_sharpen=1",
        "title": "Graze Smokey Barbeque Crunch Sharing Bag -100g",
        "referenceUri": "/graze-smokey-barbeque-crunch-sharing-bag-100g-10336444",
        "canAddToBasket": "yes",
        "opticians": false,
        "inStock": true,
        "expressDelivery": false,
        "hasOtherPromotion": false,
        "channelPromotionalTextMap": {
          "-1": [],
          "-6": []
        },
        "adCardPoints": 9
      },
      {
        "ppuQuantity": "24UNI",
        "pricing": {
          "perUnit": "Save £3.00",
          "regular": {
            "value": 36,
            "currency": "GBP",
            "text": "£36.00"
          },
          "current": {
            "value": 36,
            "currency": "GBP",
            "text": "£36.00"
          }
        },
        "objectId": "2908095",
        "brand": "TRIP",
        "attributes": {
          "suitable_for": "vegan",
          "flavour": "lemon",
          "StockOverrideMessage": "STOCK_COMING_SOON",
          "hasPriceAdvantageDeal": false,
          "free_from": [
            "dairy-free",
            "artificial flavours",
            "gluten-free"
          ],
          "ProductReviewFlag": "1"
        },
        "variants": {
          "colours": [],
          "hasColours": false,
          "hasSizes": false
        },
        "categories": [
          [
            {
              "name": "vegan",
              "label": "vegan"
            },
            {
              "name": "health & pharmacy",
              "label": "health & pharmacy"
            },
            {
              "name": "wellness",
              "label": "wellness"
            }
          ],
          [
            {
              "name": "all vegan products",
              "label": "vegan > all vegan products"
            },
            {
              "name": "lifestyle & wellbeing",
              "label": "health & pharmacy > lifestyle & wellbeing"
            },
            {
              "name": "vitamins & supplements",
              "label": "health & pharmacy > vitamins & supplements"
            },
            {
              "name": "vitamins & supplements",
              "label": "wellness > vitamins & supplements"
            },
            {
              "name": "diet & weight management",
              "label": "wellness > diet & weight management"
            },
            {
              "name": "food & drink",
              "label": "wellness > food & drink"
            },
            {
              "name": "alternative therapies",
              "label": "wellness > alternative therapies"
            },
            {
              "name": "vegan",
              "label": "wellness > vegan"
            },
            {
              "name": "all vegan products",
              "label": "wellness > all vegan products"
            },
            {
              "name": "CBD",
              "label": "wellness > CBD"
            },
            {
              "name": "vegan food",
              "label": "vegan > vegan food"
            }
          ],
          [
            {
              "name": "diet & weight management",
              "label": "health & pharmacy > lifestyle & wellbeing > diet & weight management"
            },
            {
              "name": "alternative therapies",
              "label": "health & pharmacy > lifestyle & wellbeing > alternative therapies"
            },
            {
              "name": "shop by ingredient",
              "label": "health & pharmacy > vitamins & supplements > shop by ingredient"
            },
            {
              "name": "shop by ingredient",
              "label": "wellness > vitamins & supplements > shop by ingredient"
            },
            {
              "name": "CBD",
              "label": "health & pharmacy > vitamins & supplements > CBD"
            },
            {
              "name": "shop all",
              "label": "wellness > diet & weight management > shop all"
            },
            {
              "name": "CBD",
              "label": "wellness > vitamins & supplements > CBD"
            },
            {
              "name": "vegan food",
              "label": "wellness > food & drink > vegan food"
            },
            {
              "name": "CBD",
              "label": "wellness > alternative therapies > CBD"
            },
            {
              "name": "shop all",
              "label": "wellness > alternative therapies > shop all"
            },
            {
              "name": "vegan food",
              "label": "wellness > vegan > vegan food"
            },
            {
              "name": "all vegan products",
              "label": "wellness > vegan > all vegan products"
            }
          ],
          [
            {
              "name": "shop all",
              "label": "health & pharmacy > lifestyle & wellbeing > diet & weight management > shop all"
            },
            {
              "name": "CBD",
              "label": "health & pharmacy > lifestyle & wellbeing > alternative therapies > CBD"
            },
            {
              "name": "shop all",
              "label": "health & pharmacy > lifestyle & wellbeing > alternative therapies > shop all"
            },
            {
              "name": "CBD",
              "label": "health & pharmacy > vitamins & supplements > shop by ingredient > CBD"
            },
            {
              "name": "CBD",
              "label": "wellness > vitamins & supplements > shop by ingredient > CBD"
            }
          ]
        ],
        "reviews": {
          "average": 4.22,
          "count": 36,
          "rounded": 4
        },
        "parent": {
          "product": "2908095",
          "partNumber": null,
          "model": "10337589",
          "manufacturerModel": null
        },
        "images": {
          "thumbnail": "https://boots.scene7.com/is/image/Boots/10337589?wid=45&hei=60&op_sharpen=1"
        },
        "offers": [],
        "actions": {},
        "iconUri": "https://boots.scene7.com/is/image/Boots/10337589?op_sharpen=1",
        "title": "Trip CBD Drink Lemon & Basil - 24 x 250ml Bundle",
        "referenceUri": "/trip-cbd-drink-lemon-and-basil-24-x-250ml-bundle-10337589",
        "canAddToBasket": "yes",
        "opticians": false,
        "inStock": true,
        "expressDelivery": false,
        "hasOtherPromotion": false,
        "channelPromotionalTextMap": {
          "-1": [],
          "-6": []
        },
        "adCardPoints": 108
      },
      {
        "ppuQuantity": "120G",
        "pricing": {
          "perUnit": "£2.71 per 100G",
          "regular": {
            "value": 3.25,
            "currency": "GBP",
            "text": "£3.25"
          },
          "current": {
            "value": 3.25,
            "currency": "GBP",
            "text": "£3.25"
          }
        },
        "objectId": "2899246",
        "brand": "Deliciously Ella",
        "attributes": {
          "suitable_for": [
            "vegetarian",
            "vegan"
          ],
          "StockOverrideMessage": "STOCK_COMING_SOON",
          "flavour": [
            "mixed fruits",
            "nut"
          ],
          "format": "bars & snacks",
          "hasPriceAdvantageDeal": false,
          "free_from": [
            "artificial colours",
            "dairy-free",
            "soya-free",
            "artificial flavours",
            "gluten-free",
            "artificial preservatives"
          ],
          "ProductReviewFlag": "1"
        },
        "variants": {
          "colours": [],
          "hasColours": false,
          "hasSizes": false
        },
        "categories": [
          [
            {
              "name": "vegan",
              "label": "vegan"
            },
            {
              "name": "health & pharmacy",
              "label": "health & pharmacy"
            },
            {
              "name": "wellness",
              "label": "wellness"
            }
          ],
          [
            {
              "name": "all vegan products",
              "label": "vegan > all vegan products"
            },
            {
              "name": "lifestyle & wellbeing",
              "label": "health & pharmacy > lifestyle & wellbeing"
            },
            {
              "name": "food & drink",
              "label": "wellness > food & drink"
            },
            {
              "name": "vegan",
              "label": "wellness > vegan"
            },
            {
              "name": "all vegan products",
              "label": "wellness > all vegan products"
            },
            {
              "name": "vegan food",
              "label": "vegan > vegan food"
            }
          ],
          [
            {
              "name": "health food",
              "label": "health & pharmacy > lifestyle & wellbeing > health food"
            },
            {
              "name": "free from",
              "label": "wellness > food & drink > free from"
            },
            {
              "name": "sweet snacks",
              "label": "wellness > food & drink > sweet snacks"
            },
            {
              "name": "vegan food",
              "label": "wellness > food & drink > vegan food"
            },
            {
              "name": "shop all",
              "label": "wellness > food & drink > shop all"
            },
            {
              "name": "sweet and savoury snacks",
              "label": "wellness > food & drink > sweet and savoury snacks"
            },
            {
              "name": "vegan food",
              "label": "wellness > vegan > vegan food"
            },
            {
              "name": "all vegan products",
              "label": "wellness > vegan > all vegan products"
            }
          ]
        ],
        "reviews": {
          "average": null,
          "count": null,
          "rounded": null
        },
        "parent": {
          "product": "2899245",
          "partNumber": "10336455.P",
          "model": "10336455",
          "manufacturerModel": "5589053"
        },
        "images": {
          "thumbnail": "https://boots.scene7.com/is/image/Boots/10336455?wid=45&hei=60&op_sharpen=1"
        },
        "offers": [],
        "actions": {},
        "iconUri": "https://boots.scene7.com/is/image/Boots/10336455?op_sharpen=1",
        "title": "Deliciously Ella Almond, Fruit, Nut and Seed Bar - 3 x 40g",
        "referenceUri": "/deliciously-ella-almond-fruit-nut-and-seed-bar-3-x-40g-10336455",
        "canAddToBasket": "yes",
        "opticians": false,
        "inStock": true,
        "expressDelivery": false,
        "hasOtherPromotion": false,
        "channelPromotionalTextMap": {
          "-1": [],
          "-6": []
        },
        "adCardPoints": 9
      },
      {
        "ppuQuantity": "150G",
        "pricing": {
          "perUnit": "£1.99 per 100G",
          "regular": {
            "value": 2.99,
            "currency": "GBP",
            "text": "£2.99"
          },
          "current": {
            "value": 2.99,
            "currency": "GBP",
            "text": "£2.99"
          }
        },
        "objectId": "2899232",
        "brand": "Deliciously Ella",
        "attributes": {
          "suitable_for": [
            "vegan",
            "vegetarian"
          ],
          "StockOverrideMessage": "STOCK_COMING_SOON",
          "flavour": "nut",
          "format": "bars & snacks",
          "hasPriceAdvantageDeal": false,
          "free_from": [
            "artificial colours",
            "dairy-free",
            "soya-free",
            "artificial flavours",
            "gluten-free",
            "artificial preservatives"
          ],
          "ProductReviewFlag": "1"
        },
        "variants": {
          "colours": [],
          "hasColours": false,
          "hasSizes": false
        },
        "categories": [
          [
            {
              "name": "vegan",
              "label": "vegan"
            },
            {
              "name": "wellness",
              "label": "wellness"
            }
          ],
          [
            {
              "name": "all vegan products",
              "label": "vegan > all vegan products"
            },
            {
              "name": "food & drink",
              "label": "wellness > food & drink"
            },
            {
              "name": "vegan",
              "label": "wellness > vegan"
            },
            {
              "name": "all vegan products",
              "label": "wellness > all vegan products"
            },
            {
              "name": "vegan food",
              "label": "vegan > vegan food"
            }
          ],
          [
            {
              "name": "free from",
              "label": "wellness > food & drink > free from"
            },
            {
              "name": "sweet snacks",
              "label": "wellness > food & drink > sweet snacks"
            },
            {
              "name": "vegan food",
              "label": "wellness > food & drink > vegan food"
            },
            {
              "name": "shop all",
              "label": "wellness > food & drink > shop all"
            },
            {
              "name": "sweet and savoury snacks",
              "label": "wellness > food & drink > sweet and savoury snacks"
            },
            {
              "name": "vegan food",
              "label": "wellness > vegan > vegan food"
            },
            {
              "name": "all vegan products",
              "label": "wellness > vegan > all vegan products"
            }
          ]
        ],
        "reviews": {
          "average": null,
          "count": null,
          "rounded": null
        },
        "parent": {
          "product": "2899231",
          "partNumber": "10336454.P",
          "model": "10336454",
          "manufacturerModel": "5589045"
        },
        "images": {
          "thumbnail": "https://boots.scene7.com/is/image/Boots/10336454?wid=45&hei=60&op_sharpen=1"
        },
        "offers": [],
        "actions": {},
        "iconUri": "https://boots.scene7.com/is/image/Boots/10336454?op_sharpen=1",
        "title": "Deliciously Ella Peanut Butter Oat Bar - 3 x 50g",
        "referenceUri": "/deliciously-ella-peanut-butter-oat-bar-3-x-50g-10336454",
        "canAddToBasket": "yes",
        "opticians": false,
        "inStock": true,
        "expressDelivery": false,
        "hasOtherPromotion": false,
        "channelPromotionalTextMap": {
          "-1": [],
          "-6": []
        },
        "adCardPoints": 6
      },
      {
        "ppuQuantity": "90G",
        "pricing": {
          "perUnit": "£2.00 per 100G",
          "regular": {
            "value": 1.8,
            "currency": "GBP",
            "text": "£1.80"
          },
          "current": {
            "value": 1.8,
            "currency": "GBP",
            "text": "£1.80"
          }
        },
        "objectId": "2899204",
        "brand": "Propercorn",
        "attributes": {
          "suitable_for": "vegan",
          "StockOverrideMessage": "STOCK_COMING_SOON",
          "format": "bars & snacks",
          "hasPriceAdvantageDeal": false,
          "free_from": "gluten-free",
          "ProductReviewFlag": "1"
        },
        "variants": {
          "colours": [],
          "hasColours": false,
          "hasSizes": false
        },
        "categories": [
          [
            {
              "name": "vegan",
              "label": "vegan"
            },
            {
              "name": "wellness",
              "label": "wellness"
            }
          ],
          [
            {
              "name": "food & drink",
              "label": "wellness > food & drink"
            },
            {
              "name": "vegan",
              "label": "wellness > vegan"
            },
            {
              "name": "vegan food",
              "label": "vegan > vegan food"
            }
          ],
          [
            {
              "name": "dry fruits nuts & seeds",
              "label": "wellness > food & drink > dry fruits nuts & seeds"
            },
            {
              "name": "savoury snacks",
              "label": "wellness > food & drink > savoury snacks"
            },
            {
              "name": "vegan food",
              "label": "wellness > food & drink > vegan food"
            },
            {
              "name": "shop all",
              "label": "wellness > food & drink > shop all"
            },
            {
              "name": "sweet and savoury snacks",
              "label": "wellness > food & drink > sweet and savoury snacks"
            },
            {
              "name": "vegan food",
              "label": "wellness > vegan > vegan food"
            }
          ]
        ],
        "reviews": {
          "average": null,
          "count": null,
          "rounded": null
        },
        "parent": {
          "product": "2899203",
          "partNumber": "10336440.P",
          "model": "10336440",
          "manufacturerModel": "5464994"
        },
        "images": {
          "thumbnail": "https://boots.scene7.com/is/image/Boots/10336440?wid=45&hei=60&op_sharpen=1"
        },
        "offers": [],
        "actions": {},
        "iconUri": "https://boots.scene7.com/is/image/Boots/10336440?op_sharpen=1",
        "title": "Propercorn Sweet Popcorn 90g",
        "referenceUri": "/propercorn-sweet-popcorn-90g-10336440",
        "canAddToBasket": "yes",
        "opticians": false,
        "inStock": true,
        "expressDelivery": false,
        "hasOtherPromotion": false,
        "channelPromotionalTextMap": {
          "-1": [],
          "-6": []
        },
        "adCardPoints": 3
      },
      {
        "ppuQuantity": "120G",
        "pricing": {
          "perUnit": "£2.92 per 100G",
          "regular": {
            "value": 3.5,
            "currency": "GBP",
            "text": "£3.50"
          },
          "current": {
            "value": 3.5,
            "currency": "GBP",
            "text": "£3.50"
          }
        },
        "objectId": "2860642",
        "brand": "Forest Feast",
        "attributes": {
          "suitable_for": "vegan",
          "flavour": "natural",
          "StockOverrideMessage": "STOCK_COMING_SOON",
          "format": "bars & snacks",
          "hasPriceAdvantageDeal": false,
          "free_from": "gluten-free",
          "ProductReviewFlag": "1"
        },
        "variants": {
          "colours": [],
          "hasColours": false,
          "hasSizes": false
        },
        "categories": [
          [
            {
              "name": "vegan",
              "label": "vegan"
            },
            {
              "name": "wellness",
              "label": "wellness"
            },
            {
              "name": "health & pharmacy",
              "label": "health & pharmacy"
            },
            {
              "name": "new in",
              "label": "new in"
            }
          ],
          [
            {
              "name": "all vegan products",
              "label": "vegan > all vegan products"
            },
            {
              "name": "food & drink",
              "label": "wellness > food & drink"
            },
            {
              "name": "vegan",
              "label": "wellness > vegan"
            },
            {
              "name": "new in health",
              "label": "health & pharmacy > new in health"
            },
            {
              "name": "all vegan products",
              "label": "wellness > all vegan products"
            },
            {
              "name": "new in health",
              "label": "new in > new in health"
            },
            {
              "name": "vegan food",
              "label": "vegan > vegan food"
            }
          ],
          [
            {
              "name": "free from",
              "label": "wellness > food & drink > free from"
            },
            {
              "name": "sweet snacks",
              "label": "wellness > food & drink > sweet snacks"
            },
            {
              "name": "vegan food",
              "label": "wellness > food & drink > vegan food"
            },
            {
              "name": "shop all",
              "label": "wellness > food & drink > shop all"
            },
            {
              "name": "sweet and savoury snacks",
              "label": "wellness > food & drink > sweet and savoury snacks"
            },
            {
              "name": "vegan food",
              "label": "wellness > vegan > vegan food"
            },
            {
              "name": "all vegan products",
              "label": "wellness > vegan > all vegan products"
            }
          ]
        ],
        "reviews": {
          "average": null,
          "count": null,
          "rounded": null
        },
        "parent": {
          "product": "2860641",
          "partNumber": "10331686.P",
          "model": "10331686",
          "manufacturerModel": "5736056"
        },
        "images": {
          "thumbnail": "https://boots.scene7.com/is/image/Boots/10331686?wid=45&hei=60&op_sharpen=1"
        },
        "offers": [],
        "actions": {},
        "iconUri": "https://boots.scene7.com/is/image/Boots/10331686?op_sharpen=1",
        "title": "Forest Feast Peeled Williams Pear - 120g",
        "referenceUri": "/forest-feast-peeled-williams-pear---120g-10331686",
        "canAddToBasket": "yes",
        "opticians": false,
        "inStock": true,
        "expressDelivery": false,
        "hasOtherPromotion": false,
        "channelPromotionalTextMap": {
          "-1": [],
          "-6": []
        },
        "adCardPoints": 9
      },
      {
        "ppuQuantity": "105G",
        "pricing": {
          "perUnit": "£2.38 per 100G",
          "regular": {
            "value": 2.5,
            "currency": "GBP",
            "text": "£2.50"
          },
          "current": {
            "value": 2.5,
            "currency": "GBP",
            "text": "£2.50"
          }
        },
        "objectId": "2841690",
        "brand": "Pulsin",
        "attributes": {
          "suitable_for": "vegan",
          "flavour": [
            "chocolate",
            "nut"
          ],
          "StockOverrideMessage": "STOCK_COMING_SOON",
          "format": "bars & snacks",
          "hasPriceAdvantageDeal": false,
          "free_from": [
            "gluten-free",
            "dairy-free"
          ],
          "ProductReviewFlag": "1"
        },
        "variants": {
          "colours": [],
          "hasColours": false,
          "hasSizes": false
        },
        "categories": [
          [
            {
              "name": "vegan",
              "label": "vegan"
            },
            {
              "name": "health & pharmacy",
              "label": "health & pharmacy"
            },
            {
              "name": "wellness",
              "label": "wellness"
            },
            {
              "name": "new in",
              "label": "new in"
            }
          ],
          [
            {
              "name": "vegan food",
              "label": "vegan > vegan food"
            },
            {
              "name": "lifestyle & wellbeing",
              "label": "health & pharmacy > lifestyle & wellbeing"
            },
            {
              "name": "sports nutrition",
              "label": "wellness > sports nutrition"
            },
            {
              "name": "food & drink",
              "label": "wellness > food & drink"
            },
            {
              "name": "vegan",
              "label": "wellness > vegan"
            },
            {
              "name": "new in health",
              "label": "health & pharmacy > new in health"
            },
            {
              "name": "new in health",
              "label": "new in > new in health"
            }
          ],
          [
            {
              "name": "sports nutrition",
              "label": "health & pharmacy > lifestyle & wellbeing > sports nutrition"
            },
            {
              "name": "health food",
              "label": "health & pharmacy > lifestyle & wellbeing > health food"
            },
            {
              "name": "bars and snacks",
              "label": "wellness > sports nutrition > bars and snacks"
            },
            {
              "name": "shop all",
              "label": "wellness > sports nutrition > shop all"
            },
            {
              "name": "vegan food",
              "label": "wellness > food & drink > vegan food"
            },
            {
              "name": "vegan food",
              "label": "wellness > vegan > vegan food"
            }
          ],
          [
            {
              "name": "bars and snacks",
              "label": "health & pharmacy > lifestyle & wellbeing > sports nutrition > bars and snacks"
            },
            {
              "name": "shop all",
              "label": "health & pharmacy > lifestyle & wellbeing > sports nutrition > shop all"
            }
          ]
        ],
        "reviews": {
          "average": null,
          "count": null,
          "rounded": null
        },
        "parent": {
          "product": "2841689",
          "partNumber": "10329050.P",
          "model": "10329050",
          "manufacturerModel": "5581176"
        },
        "images": {
          "thumbnail": "https://boots.scene7.com/is/image/Boots/10329050?wid=45&hei=60&op_sharpen=1"
        },
        "offers": [],
        "actions": {},
        "iconUri": "https://boots.scene7.com/is/image/Boots/10329050?op_sharpen=1",
        "title": "Pulsin High Fibre Brownies Peanut Choc Chip - 4 x 35g",
        "referenceUri": "/pulsin-high-fibre-brownies-peanut-choc-chip-4-x-35g-10329050",
        "canAddToBasket": "yes",
        "opticians": false,
        "inStock": true,
        "expressDelivery": false,
        "hasOtherPromotion": false,
        "channelPromotionalTextMap": {
          "-1": [],
          "-6": []
        },
        "adCardPoints": 6
      },
      {
        "ppuQuantity": "115G",
        "pricing": {
          "perUnit": "£2.43 per 100G",
          "regular": {
            "value": 2.79,
            "currency": "GBP",
            "text": "£2.79"
          },
          "current": {
            "value": 2.79,
            "currency": "GBP",
            "text": "£2.79"
          }
        },
        "objectId": "2786275",
        "brand": "Love Corn",
        "attributes": {
          "suitable_for": "vegan",
          "product_type": "snacks",
          "flavour": "nut",
          "StockOverrideMessage": "STOCK_COMING_SOON",
          "format": "bars & snacks",
          "hasPriceAdvantageDeal": false,
          "free_from": [
            "gluten-free",
            "dairy-free"
          ],
          "ProductReviewFlag": "1"
        },
        "variants": {
          "colours": [],
          "hasColours": false,
          "hasSizes": false
        },
        "categories": [
          [
            {
              "name": "vegan",
              "label": "vegan"
            },
            {
              "name": "wellness",
              "label": "wellness"
            }
          ],
          [
            {
              "name": "food & drink",
              "label": "wellness > food & drink"
            },
            {
              "name": "vegan",
              "label": "wellness > vegan"
            },
            {
              "name": "all vegan products",
              "label": "wellness > all vegan products"
            },
            {
              "name": "vegan food",
              "label": "vegan > vegan food"
            },
            {
              "name": "all vegan products",
              "label": "vegan > all vegan products"
            }
          ],
          [
            {
              "name": "dry fruits nuts & seeds",
              "label": "wellness > food & drink > dry fruits nuts & seeds"
            },
            {
              "name": "free from",
              "label": "wellness > food & drink > free from"
            },
            {
              "name": "savoury snacks",
              "label": "wellness > food & drink > savoury snacks"
            },
            {
              "name": "vegan food",
              "label": "wellness > food & drink > vegan food"
            },
            {
              "name": "shop all",
              "label": "wellness > food & drink > shop all"
            },
            {
              "name": "sweet and savoury snacks",
              "label": "wellness > food & drink > sweet and savoury snacks"
            },
            {
              "name": "vegan food",
              "label": "wellness > vegan > vegan food"
            },
            {
              "name": "all vegan products",
              "label": "wellness > vegan > all vegan products"
            }
          ]
        ],
        "reviews": {
          "average": null,
          "count": null,
          "rounded": null
        },
        "parent": {
          "product": "2786274",
          "partNumber": "10323304.P",
          "model": "10323304",
          "manufacturerModel": "5097185"
        },
        "images": {
          "thumbnail": "https://boots.scene7.com/is/image/Boots/10323304?wid=45&hei=60&op_sharpen=1"
        },
        "offers": [],
        "actions": {},
        "iconUri": "https://boots.scene7.com/is/image/Boots/10323304?op_sharpen=1",
        "title": "Love Corn Sea Salt Crunchy Corn 115g",
        "referenceUri": "/love-corn-sea-salt-crunchy-corn-115g-10323304",
        "canAddToBasket": "yes",
        "opticians": false,
        "inStock": true,
        "expressDelivery": false,
        "hasOtherPromotion": false,
        "channelPromotionalTextMap": {
          "-1": [],
          "-6": []
        },
        "adCardPoints": 6
      },
      {
        "ppuQuantity": "500ML",
        "pricing": {
          "perUnit": "£0.60 per 100ML",
          "regular": {
            "value": 3.5,
            "currency": "GBP",
            "text": "£3.50"
          },
          "current": {
            "value": 3,
            "currency": "GBP",
            "text": "£3.00"
          },
          "saving": {
            "value": 0.5,
            "currency": "GBP",
            "text": "£0.50"
          }
        },
        "objectId": "2360423",
        "brand": "Huel",
        "attributes": {
          "suitable_for": "vegan",
          "product_type": "meal replacement",
          "StockOverrideMessage": "STOCK_COMING_SOON",
          "flavour": "chocolate",
          "pack_size": "200+",
          "format": "shakes",
          "hasPriceAdvantageDeal": false,
          "free_from": [
            "dairy-free",
            "gluten-free"
          ],
          "ProductReviewFlag": "1"
        },
        "variants": {
          "colours": [],
          "hasColours": false,
          "hasSizes": false
        },
        "categories": [
          [
            {
              "name": "vegan",
              "label": "vegan"
            },
            {
              "name": "health & pharmacy",
              "label": "health & pharmacy"
            },
            {
              "name": "wellness",
              "label": "wellness"
            },
            {
              "name": "new in",
              "label": "new in"
            }
          ],
          [
            {
              "name": "vegan protein & supplements",
              "label": "vegan > vegan protein & supplements"
            },
            {
              "name": "lifestyle & wellbeing",
              "label": "health & pharmacy > lifestyle & wellbeing"
            },
            {
              "name": "diet & weight management",
              "label": "wellness > diet & weight management"
            },
            {
              "name": "sports nutrition",
              "label": "wellness > sports nutrition"
            },
            {
              "name": "food & drink",
              "label": "wellness > food & drink"
            },
            {
              "name": "vegan",
              "label": "wellness > vegan"
            },
            {
              "name": "all vegan products",
              "label": "wellness > all vegan products"
            },
            {
              "name": "new in diet & weight management",
              "label": "new in > new in diet & weight management"
            },
            {
              "name": "vegan food",
              "label": "vegan > vegan food"
            },
            {
              "name": "all vegan products",
              "label": "vegan > all vegan products"
            }
          ],
          [
            {
              "name": "diet & weight management",
              "label": "health & pharmacy > lifestyle & wellbeing > diet & weight management"
            },
            {
              "name": "sports nutrition",
              "label": "health & pharmacy > lifestyle & wellbeing > sports nutrition"
            },
            {
              "name": "new in diet & weight management",
              "label": "wellness > diet & weight management > new in diet & weight management"
            },
            {
              "name": "meal replacements",
              "label": "wellness > diet & weight management > meal replacements"
            },
            {
              "name": "shop all",
              "label": "wellness > diet & weight management > shop all"
            },
            {
              "name": "drinks",
              "label": "wellness > sports nutrition > drinks"
            },
            {
              "name": "vegan protein & supplements",
              "label": "wellness > sports nutrition > vegan protein & supplements"
            },
            {
              "name": "shop all",
              "label": "wellness > sports nutrition > shop all"
            },
            {
              "name": "vegan food",
              "label": "wellness > food & drink > vegan food"
            },
            {
              "name": "vegan food",
              "label": "wellness > vegan > vegan food"
            },
            {
              "name": "all vegan products",
              "label": "wellness > vegan > all vegan products"
            },
            {
              "name": "vegan protein & supplements",
              "label": "wellness > vegan > vegan protein & supplements"
            }
          ],
          [
            {
              "name": "new in diet & weight management",
              "label": "health & pharmacy > lifestyle & wellbeing > diet & weight management > new in diet & weight management"
            },
            {
              "name": "meal replacements",
              "label": "health & pharmacy > lifestyle & wellbeing > diet & weight management > meal replacements"
            },
            {
              "name": "shop all",
              "label": "health & pharmacy > lifestyle & wellbeing > diet & weight management > shop all"
            },
            {
              "name": "drinks",
              "label": "health & pharmacy > lifestyle & wellbeing > sports nutrition > drinks"
            },
            {
              "name": "vegan protein & supplements",
              "label": "health & pharmacy > lifestyle & wellbeing > sports nutrition > vegan protein & supplements"
            },
            {
              "name": "shop all",
              "label": "health & pharmacy > lifestyle & wellbeing > sports nutrition > shop all"
            }
          ]
        ],
        "reviews": {
          "average": null,
          "count": null,
          "rounded": null
        },
        "parent": {
          "product": "2360422",
          "partNumber": "10276138.P",
          "model": "10276138",
          "manufacturerModel": "8772401"
        },
        "images": {
          "thumbnail": "https://boots.scene7.com/is/image/Boots/10276138?wid=45&hei=60&op_sharpen=1"
        },
        "offers": [
          {
            "text": "Only £3.00 on selected Huel Ready To Drink 500ml"
          }
        ],
        "actions": {},
        "iconUri": "https://boots.scene7.com/is/image/Boots/10276138?op_sharpen=1",
        "title": "Huel Ready To Drink Chocolate - 500ml",
        "referenceUri": "/huel-ready-to-drink-chocolate-500ml-10276138",
        "canAddToBasket": "yes",
        "opticians": false,
        "inStock": true,
        "expressDelivery": false,
        "hasOtherPromotion": true,
        "channelPromotionalTextMap": {
          "-1": [
            "Only £3.00 on selected Huel Ready To Drink 500ml"
          ],
          "-6": [
            "Only £3.00 on selected Huel Ready To Drink 500ml"
          ]
        },
        "adCardPoints": 9
      },
      {
        "ppuQuantity": "70G",
        "pricing": {
          "perUnit": "£18.84 per 100G",
          "regular": {
            "value": 13.19,
            "currency": "GBP",
            "text": "£13.19"
          },
          "current": {
            "value": 13.19,
            "currency": "GBP",
            "text": "£13.19"
          }
        },
        "objectId": "2274982",
        "brand": "Bioglan",
        "attributes": {
          "product_type": "superfoods",
          "flavour": [
            "vegetable",
            "apple"
          ],
          "StockOverrideMessage": "STOCK_COMING_SOON",
          "size": "11-20",
          "format": "powder",
          "hasPriceAdvantageDeal": false,
          "Reporting_Category": "nutrition",
          "ProductReviewFlag": "1"
        },
        "variants": {
          "colours": [],
          "hasColours": false,
          "hasSizes": false
        },
        "categories": [
          [
            {
              "name": "vegan",
              "label": "vegan"
            },
            {
              "name": "health & pharmacy",
              "label": "health & pharmacy"
            },
            {
              "name": "wellness",
              "label": "wellness"
            }
          ],
          [
            {
              "name": "vegan food",
              "label": "vegan > vegan food"
            },
            {
              "name": "vitamins & supplements",
              "label": "health & pharmacy > vitamins & supplements"
            },
            {
              "name": "vitamins & supplements",
              "label": "wellness > vitamins & supplements"
            },
            {
              "name": "food & drink",
              "label": "wellness > food & drink"
            },
            {
              "name": "vegan",
              "label": "wellness > vegan"
            }
          ],
          [
            {
              "name": "shop by ingredient",
              "label": "health & pharmacy > vitamins & supplements > shop by ingredient"
            },
            {
              "name": "shop by ingredient",
              "label": "wellness > vitamins & supplements > shop by ingredient"
            },
            {
              "name": "superfoods",
              "label": "wellness > food & drink > superfoods"
            },
            {
              "name": "vegan food",
              "label": "wellness > food & drink > vegan food"
            },
            {
              "name": "vegan food",
              "label": "wellness > vegan > vegan food"
            }
          ],
          [
            {
              "name": "superfoods",
              "label": "health & pharmacy > vitamins & supplements > shop by ingredient > superfoods"
            },
            {
              "name": "superfoods",
              "label": "wellness > vitamins & supplements > shop by ingredient > superfoods"
            }
          ]
        ],
        "reviews": {
          "average": null,
          "count": null,
          "rounded": null
        },
        "parent": {
          "product": "2274981",
          "partNumber": "10264564.P",
          "model": "10264564",
          "manufacturerModel": "8517665"
        },
        "images": {
          "thumbnail": "https://boots.scene7.com/is/image/Boots/10264564?wid=45&hei=60&op_sharpen=1"
        },
        "offers": [],
        "actions": {},
        "iconUri": "https://boots.scene7.com/is/image/Boots/10264564?op_sharpen=1",
        "title": "Bioglan Superfoods Supergreens - 70g",
        "referenceUri": "/bioglan-superfoods-supergreens-70g-10264564",
        "canAddToBasket": "yes",
        "opticians": false,
        "inStock": true,
        "expressDelivery": false,
        "hasOtherPromotion": false,
        "channelPromotionalTextMap": {
          "-1": [],
          "-6": []
        },
        "adCardPoints": 39
      },
      {
        "ppuQuantity": "100G",
        "pricing": {
          "perUnit": "£3.15 per 100G",
          "regular": {
            "value": 3.15,
            "currency": "GBP",
            "text": "£3.15"
          },
          "current": {
            "value": 3.15,
            "currency": "GBP",
            "text": "£3.15"
          }
        },
        "objectId": "2899210",
        "brand": "Graze",
        "attributes": {
          "format": "bars & snacks",
          "hasPriceAdvantageDeal": false,
          "suitable_for": "vegan",
          "StockOverrideMessage": "STOCK_COMING_SOON",
          "ProductReviewFlag": "1"
        },
        "variants": {
          "colours": [],
          "hasColours": false,
          "hasSizes": false
        },
        "categories": [
          [
            {
              "name": "vegan",
              "label": "vegan"
            },
            {
              "name": "health & pharmacy",
              "label": "health & pharmacy"
            },
            {
              "name": "wellness",
              "label": "wellness"
            }
          ],
          [
            {
              "name": "vegan protein & supplements",
              "label": "vegan > vegan protein & supplements"
            },
            {
              "name": "lifestyle & wellbeing",
              "label": "health & pharmacy > lifestyle & wellbeing"
            },
            {
              "name": "sports nutrition",
              "label": "wellness > sports nutrition"
            },
            {
              "name": "food & drink",
              "label": "wellness > food & drink"
            },
            {
              "name": "vegan",
              "label": "wellness > vegan"
            },
            {
              "name": "vegan food",
              "label": "vegan > vegan food"
            }
          ],
          [
            {
              "name": "sports nutrition",
              "label": "health & pharmacy > lifestyle & wellbeing > sports nutrition"
            },
            {
              "name": "vegan protein & supplements",
              "label": "wellness > sports nutrition > vegan protein & supplements"
            },
            {
              "name": "savoury snacks",
              "label": "wellness > food & drink > savoury snacks"
            },
            {
              "name": "vegan food",
              "label": "wellness > food & drink > vegan food"
            },
            {
              "name": "shop all",
              "label": "wellness > food & drink > shop all"
            },
            {
              "name": "sweet and savoury snacks",
              "label": "wellness > food & drink > sweet and savoury snacks"
            },
            {
              "name": "vegan food",
              "label": "wellness > vegan > vegan food"
            },
            {
              "name": "vegan protein & supplements",
              "label": "wellness > vegan > vegan protein & supplements"
            }
          ],
          [
            {
              "name": "vegan protein & supplements",
              "label": "health & pharmacy > lifestyle & wellbeing > sports nutrition > vegan protein & supplements"
            }
          ]
        ],
        "reviews": {
          "average": 4.53,
          "count": 217,
          "rounded": 4
        },
        "parent": {
          "product": "2899209",
          "partNumber": "10336443.P",
          "model": "10336443",
          "manufacturerModel": "5560365"
        },
        "images": {
          "thumbnail": "https://boots.scene7.com/is/image/Boots/10336443?wid=45&hei=60&op_sharpen=1"
        },
        "offers": [],
        "actions": {},
        "iconUri": "https://boots.scene7.com/is/image/Boots/10336443?op_sharpen=1",
        "title": "Graze Peri Peri Crunch Sharing Snacks -100g",
        "referenceUri": "/graze-peri-peri-crunch-sharing-snacks-100g-10336443",
        "canAddToBasket": "yes",
        "opticians": false,
        "inStock": true,
        "expressDelivery": false,
        "hasOtherPromotion": false,
        "channelPromotionalTextMap": {
          "-1": [],
          "-6": []
        },
        "adCardPoints": 9
      },
      {
        "ppuQuantity": "100G",
        "pricing": {
          "perUnit": "£3.15 per 100G",
          "regular": {
            "value": 3.15,
            "currency": "GBP",
            "text": "£3.15"
          },
          "current": {
            "value": 3.15,
            "currency": "GBP",
            "text": "£3.15"
          }
        },
        "objectId": "2899216",
        "brand": "Graze",
        "attributes": {
          "format": "bars & snacks",
          "hasPriceAdvantageDeal": false,
          "suitable_for": "vegan",
          "StockOverrideMessage": "STOCK_COMING_SOON",
          "ProductReviewFlag": "1"
        },
        "variants": {
          "colours": [],
          "hasColours": false,
          "hasSizes": false
        },
        "categories": [
          [
            {
              "name": "vegan",
              "label": "vegan"
            },
            {
              "name": "health & pharmacy",
              "label": "health & pharmacy"
            },
            {
              "name": "wellness",
              "label": "wellness"
            }
          ],
          [
            {
              "name": "vegan protein & supplements",
              "label": "vegan > vegan protein & supplements"
            },
            {
              "name": "lifestyle & wellbeing",
              "label": "health & pharmacy > lifestyle & wellbeing"
            },
            {
              "name": "sports nutrition",
              "label": "wellness > sports nutrition"
            },
            {
              "name": "food & drink",
              "label": "wellness > food & drink"
            },
            {
              "name": "vegan",
              "label": "wellness > vegan"
            },
            {
              "name": "vegan food",
              "label": "vegan > vegan food"
            }
          ],
          [
            {
              "name": "sports nutrition",
              "label": "health & pharmacy > lifestyle & wellbeing > sports nutrition"
            },
            {
              "name": "vegan protein & supplements",
              "label": "wellness > sports nutrition > vegan protein & supplements"
            },
            {
              "name": "savoury snacks",
              "label": "wellness > food & drink > savoury snacks"
            },
            {
              "name": "vegan food",
              "label": "wellness > food & drink > vegan food"
            },
            {
              "name": "shop all",
              "label": "wellness > food & drink > shop all"
            },
            {
              "name": "sweet and savoury snacks",
              "label": "wellness > food & drink > sweet and savoury snacks"
            },
            {
              "name": "vegan food",
              "label": "wellness > vegan > vegan food"
            },
            {
              "name": "vegan protein & supplements",
              "label": "wellness > vegan > vegan protein & supplements"
            }
          ],
          [
            {
              "name": "vegan protein & supplements",
              "label": "health & pharmacy > lifestyle & wellbeing > sports nutrition > vegan protein & supplements"
            }
          ]
        ],
        "reviews": {
          "average": 4.39,
          "count": 157,
          "rounded": 4
        },
        "parent": {
          "product": "2899215",
          "partNumber": "10336446.P",
          "model": "10336446",
          "manufacturerModel": "5560446"
        },
        "images": {
          "thumbnail": "https://boots.scene7.com/is/image/Boots/10336446?wid=45&hei=60&op_sharpen=1"
        },
        "offers": [],
        "actions": {},
        "iconUri": "https://boots.scene7.com/is/image/Boots/10336446?op_sharpen=1",
        "title": "Graze Salt & Pepper Protein Nut Crunch Bag -100g",
        "referenceUri": "/graze-salt-and-pepper-protein-nut-crunch-bag-100g-10336446",
        "canAddToBasket": "yes",
        "opticians": false,
        "inStock": true,
        "expressDelivery": false,
        "hasOtherPromotion": false,
        "channelPromotionalTextMap": {
          "-1": [],
          "-6": []
        },
        "adCardPoints": 9
      },
      {
        "ppuQuantity": "5UNI",
        "pricing": {
          "perUnit": "£1.20 per 1UNI",
          "regular": {
            "value": 5.99,
            "currency": "GBP",
            "text": "£5.99"
          },
          "current": {
            "value": 5.99,
            "currency": "GBP",
            "text": "£5.99"
          }
        },
        "objectId": "2932129",
        "brand": "Revives Energy",
        "attributes": {
          "suitable_for": [
            "vegan",
            "adults"
          ],
          "product_type": "energy",
          "StockOverrideMessage": "STOCK_COMING_SOON",
          "flavour": "cool mint",
          "pack_size": "0–10",
          "format": "strip",
          "hasPriceAdvantageDeal": false,
          "free_from": "sugar-free",
          "ProductReviewFlag": "1"
        },
        "variants": {
          "colours": [],
          "hasColours": false,
          "hasSizes": false
        },
        "categories": [
          [
            {
              "name": "vegan",
              "label": "vegan"
            },
            {
              "name": "health & pharmacy",
              "label": "health & pharmacy"
            },
            {
              "name": "wellness",
              "label": "wellness"
            }
          ],
          [
            {
              "name": "vegan protein & supplements",
              "label": "vegan > vegan protein & supplements"
            },
            {
              "name": "lifestyle & wellbeing",
              "label": "health & pharmacy > lifestyle & wellbeing"
            },
            {
              "name": "sports nutrition",
              "label": "wellness > sports nutrition"
            },
            {
              "name": "food & drink",
              "label": "wellness > food & drink"
            },
            {
              "name": "vegan",
              "label": "wellness > vegan"
            },
            {
              "name": "all vegan products",
              "label": "wellness > all vegan products"
            },
            {
              "name": "vegan food",
              "label": "vegan > vegan food"
            },
            {
              "name": "all vegan products",
              "label": "vegan > all vegan products"
            }
          ],
          [
            {
              "name": "sports nutrition",
              "label": "health & pharmacy > lifestyle & wellbeing > sports nutrition"
            },
            {
              "name": "supplements",
              "label": "wellness > sports nutrition > supplements"
            },
            {
              "name": "vegan protein & supplements",
              "label": "wellness > sports nutrition > vegan protein & supplements"
            },
            {
              "name": "shop all",
              "label": "wellness > sports nutrition > shop all"
            },
            {
              "name": "vegan food",
              "label": "wellness > food & drink > vegan food"
            },
            {
              "name": "vegan food",
              "label": "wellness > vegan > vegan food"
            },
            {
              "name": "all vegan products",
              "label": "wellness > vegan > all vegan products"
            },
            {
              "name": "vegan protein & supplements",
              "label": "wellness > vegan > vegan protein & supplements"
            }
          ],
          [
            {
              "name": "supplements",
              "label": "health & pharmacy > lifestyle & wellbeing > sports nutrition > supplements"
            },
            {
              "name": "vegan protein & supplements",
              "label": "health & pharmacy > lifestyle & wellbeing > sports nutrition > vegan protein & supplements"
            },
            {
              "name": "shop all",
              "label": "health & pharmacy > lifestyle & wellbeing > sports nutrition > shop all"
            }
          ]
        ],
        "reviews": {
          "average": null,
          "count": null,
          "rounded": null
        },
        "parent": {
          "product": "2932128",
          "partNumber": "10340039.P",
          "model": "10340039",
          "manufacturerModel": "2269767"
        },
        "images": {
          "thumbnail": "https://boots.scene7.com/is/image/Boots/10340039?wid=45&hei=60&op_sharpen=1"
        },
        "offers": [],
        "actions": {},
        "iconUri": "https://boots.scene7.com/is/image/Boots/10340039?op_sharpen=1",
        "title": "Revvies Extra Strength Energy Strips Arctic Charge - 5 Strips",
        "referenceUri": "/revvies-extra-strength-energy-strips-arctic-charge-5-strips-10340039",
        "canAddToBasket": "yes",
        "opticians": false,
        "inStock": true,
        "expressDelivery": false,
        "hasOtherPromotion": false,
        "channelPromotionalTextMap": {
          "-1": [],
          "-6": []
        },
        "adCardPoints": 15
      },
      {
        "ppuQuantity": "5UNI",
        "pricing": {
          "perUnit": "£0.70 per 1UNI",
          "regular": {
            "value": 3.49,
            "currency": "GBP",
            "text": "£3.49"
          },
          "current": {
            "value": 3.49,
            "currency": "GBP",
            "text": "£3.49"
          }
        },
        "objectId": "2932127",
        "brand": "Revives Energy",
        "attributes": {
          "suitable_for": [
            "vegan",
            "adults"
          ],
          "product_type": "energy",
          "StockOverrideMessage": "STOCK_COMING_SOON",
          "flavour": "tropical fruit",
          "pack_size": "0–10",
          "format": "strip",
          "hasPriceAdvantageDeal": false,
          "free_from": "sugar-free",
          "ProductReviewFlag": "1"
        },
        "variants": {
          "colours": [],
          "hasColours": false,
          "hasSizes": false
        },
        "categories": [
          [
            {
              "name": "vegan",
              "label": "vegan"
            },
            {
              "name": "health & pharmacy",
              "label": "health & pharmacy"
            },
            {
              "name": "wellness",
              "label": "wellness"
            }
          ],
          [
            {
              "name": "vegan protein & supplements",
              "label": "vegan > vegan protein & supplements"
            },
            {
              "name": "lifestyle & wellbeing",
              "label": "health & pharmacy > lifestyle & wellbeing"
            },
            {
              "name": "sports nutrition",
              "label": "wellness > sports nutrition"
            },
            {
              "name": "food & drink",
              "label": "wellness > food & drink"
            },
            {
              "name": "vegan",
              "label": "wellness > vegan"
            },
            {
              "name": "all vegan products",
              "label": "wellness > all vegan products"
            },
            {
              "name": "vegan food",
              "label": "vegan > vegan food"
            },
            {
              "name": "all vegan products",
              "label": "vegan > all vegan products"
            }
          ],
          [
            {
              "name": "sports nutrition",
              "label": "health & pharmacy > lifestyle & wellbeing > sports nutrition"
            },
            {
              "name": "supplements",
              "label": "wellness > sports nutrition > supplements"
            },
            {
              "name": "vegan protein & supplements",
              "label": "wellness > sports nutrition > vegan protein & supplements"
            },
            {
              "name": "shop all",
              "label": "wellness > sports nutrition > shop all"
            },
            {
              "name": "vegan food",
              "label": "wellness > food & drink > vegan food"
            },
            {
              "name": "vegan food",
              "label": "wellness > vegan > vegan food"
            },
            {
              "name": "all vegan products",
              "label": "wellness > vegan > all vegan products"
            },
            {
              "name": "vegan protein & supplements",
              "label": "wellness > vegan > vegan protein & supplements"
            }
          ],
          [
            {
              "name": "supplements",
              "label": "health & pharmacy > lifestyle & wellbeing > sports nutrition > supplements"
            },
            {
              "name": "vegan protein & supplements",
              "label": "health & pharmacy > lifestyle & wellbeing > sports nutrition > vegan protein & supplements"
            },
            {
              "name": "shop all",
              "label": "health & pharmacy > lifestyle & wellbeing > sports nutrition > shop all"
            }
          ]
        ],
        "reviews": {
          "average": null,
          "count": null,
          "rounded": null
        },
        "parent": {
          "product": "2932126",
          "partNumber": "10340038.P",
          "model": "10340038",
          "manufacturerModel": "2269740"
        },
        "images": {
          "thumbnail": "https://boots.scene7.com/is/image/Boots/10340038?wid=45&hei=60&op_sharpen=1"
        },
        "offers": [],
        "actions": {},
        "iconUri": "https://boots.scene7.com/is/image/Boots/10340038?op_sharpen=1",
        "title": "Revvies Energy Strips Tropical Hit - 5 Strips",
        "referenceUri": "/revvies-energy-strips-tropical-hit-5-strips-10340038",
        "canAddToBasket": "yes",
        "opticians": false,
        "inStock": true,
        "expressDelivery": false,
        "hasOtherPromotion": false,
        "channelPromotionalTextMap": {
          "-1": [],
          "-6": []
        },
        "adCardPoints": 9
      },
      {
        "ppuQuantity": "5UNI",
        "pricing": {
          "perUnit": "£0.70 per 1UNI",
          "regular": {
            "value": 3.49,
            "currency": "GBP",
            "text": "£3.49"
          },
          "current": {
            "value": 3.49,
            "currency": "GBP",
            "text": "£3.49"
          }
        },
        "objectId": "2932125",
        "brand": "Revives Energy",
        "attributes": {
          "suitable_for": [
            "vegan",
            "adults"
          ],
          "product_type": "energy",
          "StockOverrideMessage": "STOCK_COMING_SOON",
          "flavour": "cool mint",
          "pack_size": "0–10",
          "format": "strip",
          "hasPriceAdvantageDeal": false,
          "free_from": "sugar-free",
          "ProductReviewFlag": "1"
        },
        "variants": {
          "colours": [],
          "hasColours": false,
          "hasSizes": false
        },
        "categories": [
          [
            {
              "name": "vegan",
              "label": "vegan"
            },
            {
              "name": "health & pharmacy",
              "label": "health & pharmacy"
            },
            {
              "name": "wellness",
              "label": "wellness"
            }
          ],
          [
            {
              "name": "vegan protein & supplements",
              "label": "vegan > vegan protein & supplements"
            },
            {
              "name": "lifestyle & wellbeing",
              "label": "health & pharmacy > lifestyle & wellbeing"
            },
            {
              "name": "sports nutrition",
              "label": "wellness > sports nutrition"
            },
            {
              "name": "food & drink",
              "label": "wellness > food & drink"
            },
            {
              "name": "vegan",
              "label": "wellness > vegan"
            },
            {
              "name": "all vegan products",
              "label": "wellness > all vegan products"
            },
            {
              "name": "vegan food",
              "label": "vegan > vegan food"
            },
            {
              "name": "all vegan products",
              "label": "vegan > all vegan products"
            }
          ],
          [
            {
              "name": "sports nutrition",
              "label": "health & pharmacy > lifestyle & wellbeing > sports nutrition"
            },
            {
              "name": "supplements",
              "label": "wellness > sports nutrition > supplements"
            },
            {
              "name": "vegan protein & supplements",
              "label": "wellness > sports nutrition > vegan protein & supplements"
            },
            {
              "name": "shop all",
              "label": "wellness > sports nutrition > shop all"
            },
            {
              "name": "vegan food",
              "label": "wellness > food & drink > vegan food"
            },
            {
              "name": "vegan food",
              "label": "wellness > vegan > vegan food"
            },
            {
              "name": "all vegan products",
              "label": "wellness > vegan > all vegan products"
            },
            {
              "name": "vegan protein & supplements",
              "label": "wellness > vegan > vegan protein & supplements"
            }
          ],
          [
            {
              "name": "supplements",
              "label": "health & pharmacy > lifestyle & wellbeing > sports nutrition > supplements"
            },
            {
              "name": "vegan protein & supplements",
              "label": "health & pharmacy > lifestyle & wellbeing > sports nutrition > vegan protein & supplements"
            },
            {
              "name": "shop all",
              "label": "health & pharmacy > lifestyle & wellbeing > sports nutrition > shop all"
            }
          ]
        ],
        "reviews": {
          "average": null,
          "count": null,
          "rounded": null
        },
        "parent": {
          "product": "2932124",
          "partNumber": "10340037.P",
          "model": "10340037",
          "manufacturerModel": "2269732"
        },
        "images": {
          "thumbnail": "https://boots.scene7.com/is/image/Boots/10340037?wid=45&hei=60&op_sharpen=1"
        },
        "offers": [],
        "actions": {},
        "iconUri": "https://boots.scene7.com/is/image/Boots/10340037?op_sharpen=1",
        "title": "Revvies Energy Strips Arctic Charge - 5 Strips",
        "referenceUri": "/revvies-energy-strips-arctic-charge-5-strips-10340037",
        "canAddToBasket": "yes",
        "opticians": false,
        "inStock": true,
        "expressDelivery": false,
        "hasOtherPromotion": false,
        "channelPromotionalTextMap": {
          "-1": [],
          "-6": []
        },
        "adCardPoints": 9
      },
      {
        "ppuQuantity": "70G",
        "pricing": {
          "perUnit": "£18.84 per 100G",
          "regular": {
            "value": 13.19,
            "currency": "GBP",
            "text": "£13.19"
          },
          "current": {
            "value": 13.19,
            "currency": "GBP",
            "text": "£13.19"
          }
        },
        "objectId": "2274984",
        "brand": "Bioglan",
        "attributes": {
          "product_type": "superfoods",
          "flavour": "berry",
          "StockOverrideMessage": "STOCK_COMING_SOON",
          "size": "11-20",
          "format": "powder",
          "hasPriceAdvantageDeal": false,
          "Reporting_Category": "nutrition",
          "ProductReviewFlag": "1"
        },
        "variants": {
          "colours": [],
          "hasColours": false,
          "hasSizes": false
        },
        "categories": [
          [
            {
              "name": "vegan",
              "label": "vegan"
            },
            {
              "name": "health & pharmacy",
              "label": "health & pharmacy"
            },
            {
              "name": "wellness",
              "label": "wellness"
            }
          ],
          [
            {
              "name": "vegan food",
              "label": "vegan > vegan food"
            },
            {
              "name": "vitamins & supplements",
              "label": "health & pharmacy > vitamins & supplements"
            },
            {
              "name": "vitamins & supplements",
              "label": "wellness > vitamins & supplements"
            },
            {
              "name": "food & drink",
              "label": "wellness > food & drink"
            },
            {
              "name": "vegan",
              "label": "wellness > vegan"
            }
          ],
          [
            {
              "name": "shop by ingredient",
              "label": "health & pharmacy > vitamins & supplements > shop by ingredient"
            },
            {
              "name": "shop by ingredient",
              "label": "wellness > vitamins & supplements > shop by ingredient"
            },
            {
              "name": "superfoods",
              "label": "wellness > food & drink > superfoods"
            },
            {
              "name": "vegan food",
              "label": "wellness > food & drink > vegan food"
            },
            {
              "name": "vegan food",
              "label": "wellness > vegan > vegan food"
            }
          ],
          [
            {
              "name": "superfoods",
              "label": "health & pharmacy > vitamins & supplements > shop by ingredient > superfoods"
            },
            {
              "name": "superfoods",
              "label": "wellness > vitamins & supplements > shop by ingredient > superfoods"
            }
          ]
        ],
        "reviews": {
          "average": null,
          "count": null,
          "rounded": null
        },
        "parent": {
          "product": "2274983",
          "partNumber": "10264565.P",
          "model": "10264565",
          "manufacturerModel": "8517673"
        },
        "images": {
          "thumbnail": "https://boots.scene7.com/is/image/Boots/10264565?wid=45&hei=60&op_sharpen=1"
        },
        "offers": [],
        "actions": {},
        "iconUri": "https://boots.scene7.com/is/image/Boots/10264565?op_sharpen=1",
        "title": "Bioglan Superfoods Superberries - 70g",
        "referenceUri": "/bioglan-superfoods-superberries-70g-10264565",
        "canAddToBasket": "yes",
        "opticians": false,
        "inStock": true,
        "expressDelivery": false,
        "hasOtherPromotion": false,
        "channelPromotionalTextMap": {
          "-1": [],
          "-6": []
        },
        "adCardPoints": 39
      },
      {
        "ppuQuantity": "50G",
        "pricing": {
          "perUnit": "£2.22 per 100G",
          "regular": {
            "value": 1.39,
            "currency": "GBP",
            "text": "£1.39"
          },
          "current": {
            "value": 1.11,
            "currency": "GBP",
            "text": "£1.11"
          },
          "saving": {
            "value": 0.28,
            "currency": "GBP",
            "text": "£0.28"
          }
        },
        "objectId": "2773633",
        "brand": "Rhythm 108",
        "attributes": {
          "suitable_for": "vegan",
          "product_type": "snacks",
          "flavour": "chocolate",
          "StockOverrideMessage": "STOCK_COMING_SOON",
          "format": "bars & snacks",
          "hasPriceAdvantageDeal": false,
          "free_from": [
            "gluten-free",
            "dairy-free"
          ],
          "ProductReviewFlag": "1"
        },
        "variants": {
          "colours": [],
          "hasColours": false,
          "hasSizes": false
        },
        "categories": [
          [
            {
              "name": "vegan",
              "label": "vegan"
            },
            {
              "name": "wellness",
              "label": "wellness"
            }
          ],
          [
            {
              "name": "all vegan products",
              "label": "vegan > all vegan products"
            },
            {
              "name": "food & drink",
              "label": "wellness > food & drink"
            },
            {
              "name": "vegan",
              "label": "wellness > vegan"
            },
            {
              "name": "all vegan products",
              "label": "wellness > all vegan products"
            },
            {
              "name": "vegan food",
              "label": "vegan > vegan food"
            }
          ],
          [
            {
              "name": "free from",
              "label": "wellness > food & drink > free from"
            },
            {
              "name": "sweet snacks",
              "label": "wellness > food & drink > sweet snacks"
            },
            {
              "name": "vegan food",
              "label": "wellness > food & drink > vegan food"
            },
            {
              "name": "shop all",
              "label": "wellness > food & drink > shop all"
            },
            {
              "name": "sweet and savoury snacks",
              "label": "wellness > food & drink > sweet and savoury snacks"
            },
            {
              "name": "vegan food",
              "label": "wellness > vegan > vegan food"
            },
            {
              "name": "all vegan products",
              "label": "wellness > vegan > all vegan products"
            }
          ]
        ],
        "reviews": {
          "average": 5,
          "count": 5,
          "rounded": 5
        },
        "parent": {
          "product": "2773632",
          "partNumber": "10322095.P",
          "model": "10322095",
          "manufacturerModel": "3437744"
        },
        "images": {
          "thumbnail": "https://boots.scene7.com/is/image/Boots/10322095?wid=45&hei=60&op_sharpen=1"
        },
        "offers": [
          {
            "text": "Save up to 20 percent on selected Rhythm 108"
          }
        ],
        "actions": {},
        "iconUri": "https://boots.scene7.com/is/image/Boots/10322095?op_sharpen=1",
        "title": "Rhythm 108 Vegan Hazelnut Chocolate Praline Cookie 50g",
        "referenceUri": "/rhythm-108-vegan-hazelnut-chocolate-praline-cookie-50g-10322095",
        "canAddToBasket": "yes",
        "opticians": false,
        "inStock": false,
        "expressDelivery": false,
        "hasOtherPromotion": true,
        "channelPromotionalTextMap": {
          "-1": [
            "Save up to 20 percent on selected Rhythm 108"
          ],
          "-6": [
            "Save up to 20 percent on selected Rhythm 108"
          ]
        },
        "adCardPoints": 3
      },
      {
        "ppuQuantity": "40G",
        "pricing": {
          "perUnit": "£2.78 per 100G",
          "regular": {
            "value": 1.39,
            "currency": "GBP",
            "text": "£1.39"
          },
          "current": {
            "value": 1.11,
            "currency": "GBP",
            "text": "£1.11"
          },
          "saving": {
            "value": 0.28,
            "currency": "GBP",
            "text": "£0.28"
          }
        },
        "objectId": "2899220",
        "brand": "Deliciously Ella",
        "attributes": {
          "suitable_for": [
            "vegetarian",
            "vegan"
          ],
          "flavour": [
            "mixed fruits",
            "nut"
          ],
          "StockOverrideMessage": "STOCK_COMING_SOON",
          "format": "bars & snacks",
          "hasPriceAdvantageDeal": false,
          "free_from": [
            "artificial preservatives",
            "artificial colours",
            "dairy-free",
            "soya-free",
            "artificial flavours",
            "gluten-free"
          ],
          "ProductReviewFlag": "1"
        },
        "variants": {
          "colours": [],
          "hasColours": false,
          "hasSizes": false
        },
        "categories": [
          [
            {
              "name": "vegan",
              "label": "vegan"
            },
            {
              "name": "health & pharmacy",
              "label": "health & pharmacy"
            },
            {
              "name": "wellness",
              "label": "wellness"
            }
          ],
          [
            {
              "name": "all vegan products",
              "label": "vegan > all vegan products"
            },
            {
              "name": "lifestyle & wellbeing",
              "label": "health & pharmacy > lifestyle & wellbeing"
            },
            {
              "name": "food & drink",
              "label": "wellness > food & drink"
            },
            {
              "name": "vegan",
              "label": "wellness > vegan"
            },
            {
              "name": "all vegan products",
              "label": "wellness > all vegan products"
            },
            {
              "name": "vegan food",
              "label": "vegan > vegan food"
            }
          ],
          [
            {
              "name": "health food",
              "label": "health & pharmacy > lifestyle & wellbeing > health food"
            },
            {
              "name": "free from",
              "label": "wellness > food & drink > free from"
            },
            {
              "name": "sweet snacks",
              "label": "wellness > food & drink > sweet snacks"
            },
            {
              "name": "vegan food",
              "label": "wellness > food & drink > vegan food"
            },
            {
              "name": "shop all",
              "label": "wellness > food & drink > shop all"
            },
            {
              "name": "sweet and savoury snacks",
              "label": "wellness > food & drink > sweet and savoury snacks"
            },
            {
              "name": "vegan food",
              "label": "wellness > vegan > vegan food"
            },
            {
              "name": "all vegan products",
              "label": "wellness > vegan > all vegan products"
            }
          ]
        ],
        "reviews": {
          "average": null,
          "count": null,
          "rounded": null
        },
        "parent": {
          "product": "2899219",
          "partNumber": "10336448.P",
          "model": "10336448",
          "manufacturerModel": "5588901"
        },
        "images": {
          "thumbnail": "https://boots.scene7.com/is/image/Boots/10336448?wid=45&hei=60&op_sharpen=1"
        },
        "offers": [
          {
            "text": "Save 20 percent on selected Deliciously Ella"
          }
        ],
        "actions": {},
        "iconUri": "https://boots.scene7.com/is/image/Boots/10336448?op_sharpen=1",
        "title": "Deliciously Ella Almond, Fruit, Nut and Seed Bar - 40g",
        "referenceUri": "/deliciously-ella-almond-fruit-nut-and-seed-bar-40g-10336448",
        "canAddToBasket": "yes",
        "opticians": false,
        "inStock": false,
        "expressDelivery": false,
        "hasOtherPromotion": true,
        "channelPromotionalTextMap": {
          "-1": [
            "Save 20 percent on selected Deliciously Ella"
          ],
          "-6": [
            "Save 20 percent on selected Deliciously Ella"
          ]
        },
        "adCardPoints": 3
      },
      {
        "ppuQuantity": null,
        "pricing": {
          "perUnit": null,
          "regular": {
            "value": 3.75,
            "currency": "GBP",
            "text": "£3.75"
          },
          "current": {
            "value": 3.75,
            "currency": "GBP",
            "text": "£3.75"
          }
        },
        "objectId": "2492999",
        "brand": "Doisy & Dam",
        "attributes": {
          "suitable_for": [
            "vegan",
            "vegetarian"
          ],
          "flavour": "chocolate",
          "StockOverrideMessage": "STOCK_COMING_SOON",
          "format": "bars & snacks",
          "hasPriceAdvantageDeal": false,
          "Reporting_Category": "nutrition",
          "ProductReviewFlag": "1"
        },
        "variants": {
          "colours": [],
          "hasColours": false,
          "hasSizes": false
        },
        "categories": [
          [
            {
              "name": "vegan",
              "label": "vegan"
            },
            {
              "name": "wellness",
              "label": "wellness"
            }
          ],
          [
            {
              "name": "all vegan products",
              "label": "vegan > all vegan products"
            },
            {
              "name": "food & drink",
              "label": "wellness > food & drink"
            },
            {
              "name": "vegan",
              "label": "wellness > vegan"
            },
            {
              "name": "all vegan products",
              "label": "wellness > all vegan products"
            },
            {
              "name": "vegan food",
              "label": "vegan > vegan food"
            }
          ],
          [
            {
              "name": "free from",
              "label": "wellness > food & drink > free from"
            },
            {
              "name": "sweet snacks",
              "label": "wellness > food & drink > sweet snacks"
            },
            {
              "name": "vegan food",
              "label": "wellness > food & drink > vegan food"
            },
            {
              "name": "shop all",
              "label": "wellness > food & drink > shop all"
            },
            {
              "name": "sweet and savoury snacks",
              "label": "wellness > food & drink > sweet and savoury snacks"
            },
            {
              "name": "vegan food",
              "label": "wellness > vegan > vegan food"
            },
            {
              "name": "all vegan products",
              "label": "wellness > vegan > all vegan products"
            }
          ]
        ],
        "reviews": {
          "average": 5,
          "count": 1,
          "rounded": 5
        },
        "parent": {
          "product": "2492999",
          "partNumber": null,
          "model": "10291389",
          "manufacturerModel": null
        },
        "images": {
          "thumbnail": "https://boots.scene7.com/is/image/Boots/10291389?wid=45&hei=60&op_sharpen=1"
        },
        "offers": [],
        "actions": {},
        "iconUri": "https://boots.scene7.com/is/image/Boots/10291389?op_sharpen=1",
        "title": "Doisy & Dam Dark Chocolate Ballers Bundle - 25g x 3",
        "referenceUri": "/doisy-dam-dark-chocolate-ballers-bundle-25g-x-3-10291389",
        "canAddToBasket": "yes",
        "opticians": false,
        "inStock": false,
        "expressDelivery": false,
        "hasOtherPromotion": false,
        "channelPromotionalTextMap": {
          "-1": [],
          "-6": []
        },
        "adCardPoints": 9
      },
      {
        "ppuQuantity": null,
        "pricing": {
          "perUnit": null,
          "regular": {
            "value": 3.75,
            "currency": "GBP",
            "text": "£3.75"
          },
          "current": {
            "value": 3.75,
            "currency": "GBP",
            "text": "£3.75"
          }
        },
        "objectId": "2492998",
        "brand": "Doisy & Dam",
        "attributes": {
          "suitable_for": [
            "vegetarian",
            "vegan"
          ],
          "flavour": "chocolate",
          "StockOverrideMessage": "STOCK_COMING_SOON",
          "format": "bars & snacks",
          "hasPriceAdvantageDeal": false,
          "Reporting_Category": "nutrition",
          "ProductReviewFlag": "1"
        },
        "variants": {
          "colours": [],
          "hasColours": false,
          "hasSizes": false
        },
        "categories": [
          [
            {
              "name": "vegan",
              "label": "vegan"
            },
            {
              "name": "wellness",
              "label": "wellness"
            }
          ],
          [
            {
              "name": "all vegan products",
              "label": "vegan > all vegan products"
            },
            {
              "name": "food & drink",
              "label": "wellness > food & drink"
            },
            {
              "name": "vegan",
              "label": "wellness > vegan"
            },
            {
              "name": "all vegan products",
              "label": "wellness > all vegan products"
            },
            {
              "name": "vegan food",
              "label": "vegan > vegan food"
            }
          ],
          [
            {
              "name": "sweet snacks",
              "label": "wellness > food & drink > sweet snacks"
            },
            {
              "name": "vegan food",
              "label": "wellness > food & drink > vegan food"
            },
            {
              "name": "shop all",
              "label": "wellness > food & drink > shop all"
            },
            {
              "name": "sweet and savoury snacks",
              "label": "wellness > food & drink > sweet and savoury snacks"
            },
            {
              "name": "vegan food",
              "label": "wellness > vegan > vegan food"
            },
            {
              "name": "all vegan products",
              "label": "wellness > vegan > all vegan products"
            }
          ]
        ],
        "reviews": {
          "average": 5,
          "count": 1,
          "rounded": 5
        },
        "parent": {
          "product": "2492998",
          "partNumber": null,
          "model": "10291390",
          "manufacturerModel": null
        },
        "images": {
          "thumbnail": "https://boots.scene7.com/is/image/Boots/10291390?wid=45&hei=60&op_sharpen=1"
        },
        "offers": [],
        "actions": {},
        "iconUri": "https://boots.scene7.com/is/image/Boots/10291390?op_sharpen=1",
        "title": "Doisy & Dam Drops Bundle - 30g x 3",
        "referenceUri": "/doisy-dam-drops-bundle-30g-x-3-10291390",
        "canAddToBasket": "yes",
        "opticians": false,
        "inStock": false,
        "expressDelivery": false,
        "hasOtherPromotion": false,
        "channelPromotionalTextMap": {
          "-1": [],
          "-6": []
        },
        "adCardPoints": 9
      },
      {
        "ppuQuantity": "70G",
        "pricing": {
          "perUnit": "£2.36 per 100G",
          "regular": {
            "value": 1.65,
            "currency": "GBP",
            "text": "£1.65"
          },
          "current": {
            "value": 1.65,
            "currency": "GBP",
            "text": "£1.65"
          }
        },
        "objectId": "2185929",
        "brand": "Free From Fellows",
        "attributes": {
          "suitable_for": "vegan",
          "product_type": "snacks",
          "flavour": "mixed fruits",
          "size": "0-10",
          "StockOverrideMessage": "STOCK_COMING_SOON",
          "format": "bars & snacks",
          "hasPriceAdvantageDeal": false,
          "Reporting_Category": "nutrition",
          "free_from": [
            "preservatives-free",
            "gelatine-free",
            "gluten-free",
            "sugar-free"
          ],
          "ProductReviewFlag": "1"
        },
        "variants": {
          "colours": [],
          "hasColours": false,
          "hasSizes": false
        },
        "categories": [
          [
            {
              "name": "vegan",
              "label": "vegan"
            },
            {
              "name": "wellness",
              "label": "wellness"
            }
          ],
          [
            {
              "name": "all vegan products",
              "label": "vegan > all vegan products"
            },
            {
              "name": "food & drink",
              "label": "wellness > food & drink"
            },
            {
              "name": "vegan",
              "label": "wellness > vegan"
            },
            {
              "name": "all vegan products",
              "label": "wellness > all vegan products"
            },
            {
              "name": "vegan food",
              "label": "vegan > vegan food"
            }
          ],
          [
            {
              "name": "free from",
              "label": "wellness > food & drink > free from"
            },
            {
              "name": "sweet snacks",
              "label": "wellness > food & drink > sweet snacks"
            },
            {
              "name": "vegan food",
              "label": "wellness > food & drink > vegan food"
            },
            {
              "name": "shop all",
              "label": "wellness > food & drink > shop all"
            },
            {
              "name": "sweet and savoury snacks",
              "label": "wellness > food & drink > sweet and savoury snacks"
            },
            {
              "name": "vegan food",
              "label": "wellness > vegan > vegan food"
            },
            {
              "name": "all vegan products",
              "label": "wellness > vegan > all vegan products"
            }
          ]
        ],
        "reviews": {
          "average": 5,
          "count": 2,
          "rounded": 5
        },
        "parent": {
          "product": "2185928",
          "partNumber": "10256517.P",
          "model": "10256517",
          "manufacturerModel": "8333084"
        },
        "images": {
          "thumbnail": "https://boots.scene7.com/is/image/Boots/10256517?wid=45&hei=60&op_sharpen=1"
        },
        "offers": [],
        "actions": {},
        "iconUri": "https://boots.scene7.com/is/image/Boots/10256517?op_sharpen=1",
        "title": "Free From Fellows Vegan Sugar Free Gummy Bears",
        "referenceUri": "/free-from-fellows-gummy-bears-70g-10256517",
        "canAddToBasket": "yes",
        "opticians": false,
        "inStock": false,
        "expressDelivery": false,
        "hasOtherPromotion": false,
        "channelPromotionalTextMap": {
          "-1": [],
          "-6": []
        },
        "adCardPoints": 3
      },
      {
        "ppuQuantity": "235G",
        "pricing": {
          "perUnit": "£1.91 per 100G",
          "regular": {
            "value": 15,
            "currency": "GBP",
            "text": "£15.00"
          },
          "current": {
            "value": 4.5,
            "currency": "GBP",
            "text": "£4.50"
          },
          "saving": {
            "value": 10.5,
            "currency": "GBP",
            "text": "£10.50"
          }
        },
        "objectId": "2835046",
        "brand": "Monty Bojangles",
        "attributes": {
          "suitable_for": "vegan",
          "product_type": "chocolate",
          "StockOverrideMessage": "SOLD_OUT",
          "recipient": [
            "gifts for women",
            "secret santa",
            "gifts for men"
          ],
          "hasPriceAdvantageDeal": false,
          "gift_type": [
            "stocking fillers",
            "food & drink gifts"
          ],
          "ProductReviewFlag": "1"
        },
        "variants": {
          "colours": [],
          "hasColours": false,
          "hasSizes": false
        },
        "categories": [
          [
            {
              "name": "vegan",
              "label": "vegan"
            },
            {
              "name": "health & pharmacy",
              "label": "health & pharmacy"
            },
            {
              "name": "gift",
              "label": "gift"
            },
            {
              "name": "wellness",
              "label": "wellness"
            }
          ],
          [
            {
              "name": "vegan protein & supplements",
              "label": "vegan > vegan protein & supplements"
            },
            {
              "name": "lifestyle & wellbeing",
              "label": "health & pharmacy > lifestyle & wellbeing"
            },
            {
              "name": "gift type",
              "label": "gift > gift type"
            },
            {
              "name": "sports nutrition",
              "label": "wellness > sports nutrition"
            },
            {
              "name": "food & drink",
              "label": "wellness > food & drink"
            },
            {
              "name": "vegan",
              "label": "wellness > vegan"
            },
            {
              "name": "gifts for him",
              "label": "gift > gifts for him"
            },
            {
              "name": "gifts for her",
              "label": "gift > gifts for her"
            },
            {
              "name": "vegan gifts",
              "label": "gift > vegan gifts"
            },
            {
              "name": "all gifts",
              "label": "gift > all gifts"
            },
            {
              "name": "vegan food",
              "label": "vegan > vegan food"
            },
            {
              "name": "vegan gifts",
              "label": "vegan > vegan gifts"
            }
          ],
          [
            {
              "name": "sports nutrition",
              "label": "health & pharmacy > lifestyle & wellbeing > sports nutrition"
            },
            {
              "name": "vegan gifts",
              "label": "gift > gift type > vegan gifts"
            },
            {
              "name": "vegan protein & supplements",
              "label": "wellness > sports nutrition > vegan protein & supplements"
            },
            {
              "name": "vegan food",
              "label": "wellness > food & drink > vegan food"
            },
            {
              "name": "vegan food",
              "label": "wellness > vegan > vegan food"
            },
            {
              "name": "vegan gifts",
              "label": "wellness > vegan > vegan gifts"
            },
            {
              "name": "vegan protein & supplements",
              "label": "wellness > vegan > vegan protein & supplements"
            }
          ],
          [
            {
              "name": "vegan protein & supplements",
              "label": "health & pharmacy > lifestyle & wellbeing > sports nutrition > vegan protein & supplements"
            }
          ]
        ],
        "reviews": {
          "average": 4.88,
          "count": 8,
          "rounded": 4
        },
        "parent": {
          "product": "2835045",
          "partNumber": "10328143.P",
          "model": "10328143",
          "manufacturerModel": "5563259"
        },
        "images": {
          "thumbnail": "https://boots.scene7.com/is/image/Boots/10328143?wid=45&hei=60&op_sharpen=1"
        },
        "offers": [
          {
            "text": "Sale - Save up to 70 percent"
          }
        ],
        "actions": {},
        "iconUri": "https://boots.scene7.com/is/image/Boots/10328143?op_sharpen=1",
        "title": "Monty Bojangles Vegan Cocoa Dusted Truffles Collection Premium Advent Calendar 235g",
        "referenceUri": "/monty-bojangles-vegan-cocoa-dusted-truffles-collection-premium-advent-calendar-235g-10328143",
        "canAddToBasket": "yes",
        "opticians": false,
        "inStock": false,
        "expressDelivery": false,
        "hasOtherPromotion": true,
        "channelPromotionalTextMap": {
          "-1": [
            "Sale - Save up to 70 percent"
          ],
          "-6": [
            "Sale - Save up to 70 percent"
          ]
        },
        "adCardPoints": 12
      },
      {
        "ppuQuantity": "60G",
        "pricing": {
          "perUnit": "£3.83 per 100G",
          "regular": {
            "value": 2.3,
            "currency": "GBP",
            "text": "£2.30"
          },
          "current": {
            "value": 2.3,
            "currency": "GBP",
            "text": "£2.30"
          }
        },
        "objectId": "2399009",
        "brand": "Organix",
        "attributes": {
          "suitable_for": [
            "vegan",
            "vegetarian"
          ],
          "product_type": "snacks",
          "suitable_from": "12 months",
          "hasPriceAdvantageDeal": false,
          "Reporting_Category": "baby",
          "ProductReviewFlag": "1"
        },
        "variants": {
          "colours": [],
          "hasColours": false,
          "hasSizes": false
        },
        "categories": [
          [
            {
              "name": "vegan",
              "label": "vegan"
            },
            {
              "name": "baby & child",
              "label": "baby & child"
            },
            {
              "name": "wellness",
              "label": "wellness"
            }
          ],
          [
            {
              "name": "all vegan products",
              "label": "vegan > all vegan products"
            },
            {
              "name": "feeding",
              "label": "baby & child > feeding"
            },
            {
              "name": "food & drink",
              "label": "wellness > food & drink"
            },
            {
              "name": "vegan",
              "label": "wellness > vegan"
            },
            {
              "name": "all vegan products",
              "label": "wellness > all vegan products"
            },
            {
              "name": "vegan food",
              "label": "vegan > vegan food"
            }
          ],
          [
            {
              "name": "toddler food & drink",
              "label": "baby & child > feeding > toddler food & drink"
            },
            {
              "name": "baby & toddler food ",
              "label": "baby & child > feeding > baby & toddler food "
            },
            {
              "name": "vegan food",
              "label": "wellness > food & drink > vegan food"
            },
            {
              "name": "vegan food",
              "label": "wellness > vegan > vegan food"
            },
            {
              "name": "all vegan products",
              "label": "wellness > vegan > all vegan products"
            }
          ]
        ],
        "reviews": {
          "average": 4.88,
          "count": 8,
          "rounded": 4
        },
        "parent": {
          "product": "2399008",
          "partNumber": "10280110.P",
          "model": "10280110",
          "manufacturerModel": "8865523"
        },
        "images": {
          "thumbnail": "https://boots.scene7.com/is/image/Boots/10280110?wid=45&hei=60&op_sharpen=1"
        },
        "offers": [
          {
            "text": "Use code BABYSAVE15 to save 15 percent when you spend £40 on selected baby and child - online only\n"
          }
        ],
        "actions": {},
        "iconUri": "https://boots.scene7.com/is/image/Boots/10280110?op_sharpen=1",
        "title": "Organix Barbeque Gruffalo Claws Toddler Snack Corn Puffs Multipack 4 x 15g",
        "referenceUri": "/organix-barbeque-gruffalo-claws-toddler-snack-corn-puffs-multipack-4x15g-10280110",
        "canAddToBasket": "yes",
        "opticians": false,
        "inStock": false,
        "expressDelivery": false,
        "hasOtherPromotion": true,
        "channelPromotionalTextMap": {
          "-1": [
            "Use code BABYSAVE15 to save 15 percent when you spend £40 on selected baby and child - online only\n"
          ],
          "-6": [
            "Use code BABYSAVE15 to save 15 percent when you spend £40 on selected baby and child - online only\n"
          ]
        },
        "adCardPoints": 6
      },
      {
        "ppuQuantity": "10UNI",
        "pricing": {
          "perUnit": "£0.18 per 1UNI",
          "regular": {
            "value": 1.75,
            "currency": "GBP",
            "text": "£1.75"
          },
          "current": {
            "value": 1.75,
            "currency": "GBP",
            "text": "£1.75"
          }
        },
        "objectId": "2784103",
        "brand": "Organix",
        "attributes": {
          "product_type": "snacks",
          "StockOverrideMessage": "STOCK_COMING_SOON",
          "meal_type": "finger food",
          "suitable_from": "6 months",
          "hasPriceAdvantageDeal": false,
          "ProductReviewFlag": "1"
        },
        "variants": {
          "colours": [],
          "hasColours": false,
          "hasSizes": false
        },
        "categories": [
          [
            {
              "name": "vegan",
              "label": "vegan"
            },
            {
              "name": "baby & child",
              "label": "baby & child"
            },
            {
              "name": "wellness",
              "label": "wellness"
            }
          ],
          [
            {
              "name": "all vegan products",
              "label": "vegan > all vegan products"
            },
            {
              "name": "feeding",
              "label": "baby & child > feeding"
            },
            {
              "name": "food & drink",
              "label": "wellness > food & drink"
            },
            {
              "name": "vegan",
              "label": "wellness > vegan"
            },
            {
              "name": "all vegan products",
              "label": "wellness > all vegan products"
            },
            {
              "name": "vegan food",
              "label": "vegan > vegan food"
            }
          ],
          [
            {
              "name": "baby & toddler food ",
              "label": "baby & child > feeding > baby & toddler food "
            },
            {
              "name": "vegan food",
              "label": "wellness > food & drink > vegan food"
            },
            {
              "name": "vegan food",
              "label": "wellness > vegan > vegan food"
            },
            {
              "name": "all vegan products",
              "label": "wellness > vegan > all vegan products"
            }
          ]
        ],
        "reviews": {
          "average": 4.55,
          "count": 154,
          "rounded": 4
        },
        "parent": {
          "product": "2784102",
          "partNumber": "10323052.P",
          "model": "10323052",
          "manufacturerModel": "5274052"
        },
        "images": {
          "thumbnail": "https://boots.scene7.com/is/image/Boots/10323052?wid=45&hei=60&op_sharpen=1"
        },
        "offers": [
          {
            "text": "Use code BABYSAVE15 to save 15 percent when you spend £40 on selected baby and child - online only\n"
          }
        ],
        "actions": {},
        "iconUri": "https://boots.scene7.com/is/image/Boots/10323052?op_sharpen=1",
        "title": "Organix Little Ruskits Vanilla Organic Baby Rusks 10x6g 6-8 months+",
        "referenceUri": "/organix-little-ruskits-vanilla-10s-10323052",
        "canAddToBasket": "yes",
        "opticians": false,
        "inStock": false,
        "expressDelivery": false,
        "hasOtherPromotion": true,
        "channelPromotionalTextMap": {
          "-1": [
            "Use code BABYSAVE15 to save 15 percent when you spend £40 on selected baby and child - online only\n"
          ],
          "-6": [
            "Use code BABYSAVE15 to save 15 percent when you spend £40 on selected baby and child - online only\n"
          ]
        },
        "adCardPoints": 3
      },
      {
        "ppuQuantity": "48G",
        "pricing": {
          "perUnit": "£3.73 per 100G",
          "regular": {
            "value": 1.79,
            "currency": "GBP",
            "text": "£1.79"
          },
          "current": {
            "value": 1.79,
            "currency": "GBP",
            "text": "£1.79"
          }
        },
        "objectId": "2342425",
        "brand": "Livia's",
        "attributes": {
          "suitable_for": "vegan",
          "product_type": "snacks",
          "StockOverrideMessage": "STOCK_COMING_SOON",
          "pack_size": "41–50",
          "format": "bars & snacks",
          "hasPriceAdvantageDeal": false,
          "Reporting_Category": "nutrition",
          "free_from": [
            "dairy-free",
            "gluten-free"
          ],
          "ProductReviewFlag": "1"
        },
        "variants": {
          "colours": [],
          "hasColours": false,
          "hasSizes": false
        },
        "categories": [
          [
            {
              "name": "vegan",
              "label": "vegan"
            },
            {
              "name": "wellness",
              "label": "wellness"
            }
          ],
          [
            {
              "name": "vegan food",
              "label": "vegan > vegan food"
            },
            {
              "name": "food & drink",
              "label": "wellness > food & drink"
            },
            {
              "name": "vegan",
              "label": "wellness > vegan"
            }
          ],
          [
            {
              "name": "sweet snacks",
              "label": "wellness > food & drink > sweet snacks"
            },
            {
              "name": "vegan food",
              "label": "wellness > food & drink > vegan food"
            },
            {
              "name": "shop all",
              "label": "wellness > food & drink > shop all"
            },
            {
              "name": "sweet and savoury snacks",
              "label": "wellness > food & drink > sweet and savoury snacks"
            },
            {
              "name": "vegan food",
              "label": "wellness > vegan > vegan food"
            }
          ]
        ],
        "reviews": {
          "average": 4.13,
          "count": 8,
          "rounded": 4
        },
        "parent": {
          "product": "2342424",
          "partNumber": "10273673.P",
          "model": "10273673",
          "manufacturerModel": "8670587"
        },
        "images": {
          "thumbnail": "https://boots.scene7.com/is/image/Boots/10273673?wid=45&hei=60&op_sharpen=1"
        },
        "offers": [],
        "actions": {},
        "iconUri": "https://boots.scene7.com/is/image/Boots/10273673?op_sharpen=1",
        "title": "Livias Dunx Maple Peanut Drizzle - 48g",
        "referenceUri": "/livias-dunx-maple-peanut-drizzle-48g-10273673",
        "canAddToBasket": "yes",
        "opticians": false,
        "inStock": false,
        "expressDelivery": false,
        "hasOtherPromotion": false,
        "channelPromotionalTextMap": {
          "-1": [],
          "-6": []
        },
        "adCardPoints": 3
      },
      {
        "ppuQuantity": "70G",
        "pricing": {
          "perUnit": "£2.36 per 100G",
          "regular": {
            "value": 1.65,
            "currency": "GBP",
            "text": "£1.65"
          },
          "current": {
            "value": 1.65,
            "currency": "GBP",
            "text": "£1.65"
          }
        },
        "objectId": "2185927",
        "brand": "Free From Fellows",
        "attributes": {
          "suitable_for": "vegan",
          "product_type": "snacks",
          "size": "0-10",
          "StockOverrideMessage": "STOCK_COMING_SOON",
          "format": "bars & snacks",
          "hasPriceAdvantageDeal": false,
          "Reporting_Category": "nutrition",
          "free_from": [
            "sugar-free",
            "gluten-free",
            "gelatine-free"
          ],
          "ProductReviewFlag": "1"
        },
        "variants": {
          "colours": [],
          "hasColours": false,
          "hasSizes": false
        },
        "categories": [
          [
            {
              "name": "vegan",
              "label": "vegan"
            },
            {
              "name": "wellness",
              "label": "wellness"
            }
          ],
          [
            {
              "name": "all vegan products",
              "label": "vegan > all vegan products"
            },
            {
              "name": "food & drink",
              "label": "wellness > food & drink"
            },
            {
              "name": "vegan",
              "label": "wellness > vegan"
            },
            {
              "name": "all vegan products",
              "label": "wellness > all vegan products"
            },
            {
              "name": "vegan food",
              "label": "vegan > vegan food"
            }
          ],
          [
            {
              "name": "free from",
              "label": "wellness > food & drink > free from"
            },
            {
              "name": "sweet snacks",
              "label": "wellness > food & drink > sweet snacks"
            },
            {
              "name": "vegan food",
              "label": "wellness > food & drink > vegan food"
            },
            {
              "name": "shop all",
              "label": "wellness > food & drink > shop all"
            },
            {
              "name": "sweet and savoury snacks",
              "label": "wellness > food & drink > sweet and savoury snacks"
            },
            {
              "name": "vegan food",
              "label": "wellness > vegan > vegan food"
            },
            {
              "name": "all vegan products",
              "label": "wellness > vegan > all vegan products"
            }
          ]
        ],
        "reviews": {
          "average": 3.33,
          "count": 3,
          "rounded": 3
        },
        "parent": {
          "product": "2185926",
          "partNumber": "10256516.P",
          "model": "10256516",
          "manufacturerModel": "8333076"
        },
        "images": {
          "thumbnail": "https://boots.scene7.com/is/image/Boots/10256516?wid=45&hei=60&op_sharpen=1"
        },
        "offers": [],
        "actions": {},
        "iconUri": "https://boots.scene7.com/is/image/Boots/10256516?op_sharpen=1",
        "title": "Free From Fellows Vegan Sugar Free Cola Bottles",
        "referenceUri": "/free-from-fellows-cola-bottles-70g-10256516",
        "canAddToBasket": "yes",
        "opticians": false,
        "inStock": false,
        "expressDelivery": false,
        "hasOtherPromotion": false,
        "channelPromotionalTextMap": {
          "-1": [],
          "-6": []
        },
        "adCardPoints": 3
      },
      {
        "ppuQuantity": "700G",
        "pricing": {
          "perUnit": "£0.51 per 100G",
          "regular": {
            "value": 12,
            "currency": "GBP",
            "text": "£12.00"
          },
          "current": {
            "value": 3.6,
            "currency": "GBP",
            "text": "£3.60"
          },
          "saving": {
            "value": 8.4,
            "currency": "GBP",
            "text": "£8.40"
          }
        },
        "objectId": "2853123",
        "brand": "Treat Kitchen",
        "attributes": {
          "age_range": "13+ years",
          "suitable_for": "vegan",
          "product_type": [
            "sweets",
            "gift set"
          ],
          "StockOverrideMessage": "SOLD_OUT",
          "recipient": [
            "gifts for foodies",
            "secret santa"
          ],
          "hasPriceAdvantageDeal": false,
          "gift_type": [
            "stocking fillers",
            "food & drink gifts"
          ],
          "ProductReviewFlag": "1"
        },
        "variants": {
          "colours": [],
          "hasColours": false,
          "hasSizes": false
        },
        "categories": [
          [
            {
              "name": "vegan",
              "label": "vegan"
            },
            {
              "name": "wellness",
              "label": "wellness"
            },
            {
              "name": "gift",
              "label": "gift"
            }
          ],
          [
            {
              "name": "all vegan products",
              "label": "vegan > all vegan products"
            },
            {
              "name": "food & drink",
              "label": "wellness > food & drink"
            },
            {
              "name": "vegan",
              "label": "wellness > vegan"
            },
            {
              "name": "gifts for him",
              "label": "gift > gifts for him"
            },
            {
              "name": "gifts for her",
              "label": "gift > gifts for her"
            },
            {
              "name": "all gifts",
              "label": "gift > all gifts"
            },
            {
              "name": "all vegan products",
              "label": "wellness > all vegan products"
            },
            {
              "name": "vegan food",
              "label": "vegan > vegan food"
            }
          ],
          [
            {
              "name": "vegan food",
              "label": "wellness > food & drink > vegan food"
            },
            {
              "name": "vegan food",
              "label": "wellness > vegan > vegan food"
            },
            {
              "name": "all vegan products",
              "label": "wellness > vegan > all vegan products"
            }
          ]
        ],
        "reviews": {
          "average": 2.67,
          "count": 3,
          "rounded": 2
        },
        "parent": {
          "product": "2853122",
          "partNumber": "10330698.P",
          "model": "10330698",
          "manufacturerModel": "5718902"
        },
        "images": {
          "thumbnail": "https://boots.scene7.com/is/image/Boots/10330698?wid=45&hei=60&op_sharpen=1"
        },
        "offers": [
          {
            "text": "Sale - Save up to 70 percent"
          }
        ],
        "actions": {},
        "iconUri": "https://boots.scene7.com/is/image/Boots/10330698?op_sharpen=1",
        "title": "Treat Kitchen - Think of the Positive - Vegan Sweet Jar",
        "referenceUri": "/treat-kitchen---think-of-the-positive---vegan-sweet-jar-10330698",
        "canAddToBasket": "yes",
        "opticians": false,
        "inStock": false,
        "expressDelivery": false,
        "hasOtherPromotion": true,
        "channelPromotionalTextMap": {
          "-1": [
            "Sale - Save up to 70 percent"
          ],
          "-6": [
            "Sale - Save up to 70 percent"
          ]
        },
        "adCardPoints": 9
      },
      {
        "ppuQuantity": null,
        "pricing": {
          "perUnit": "",
          "regular": {
            "value": 21,
            "currency": "GBP",
            "text": "£21.00"
          },
          "current": {
            "value": 6.3,
            "currency": "GBP",
            "text": "£6.30"
          },
          "saving": {
            "value": 14.7,
            "currency": "GBP",
            "text": "£14.70"
          }
        },
        "objectId": "2834133",
        "brand": "Joe and Sephs",
        "attributes": {
          "product_type": "advent calendar",
          "StockOverrideMessage": "SOLD_OUT",
          "recipient": [
            "gifts for men",
            "gifts for teens",
            "gifts for women",
            "gifts for foodies",
            "secret santa"
          ],
          "hasPriceAdvantageDeal": false,
          "gift_type": [
            "food & drink gifts",
            "advent calendars"
          ],
          "ProductReviewFlag": "1"
        },
        "variants": {
          "colours": [],
          "hasColours": false,
          "hasSizes": false
        },
        "categories": [
          [
            {
              "name": "vegan",
              "label": "vegan"
            },
            {
              "name": "health & pharmacy",
              "label": "health & pharmacy"
            },
            {
              "name": "gift",
              "label": "gift"
            },
            {
              "name": "wellness",
              "label": "wellness"
            }
          ],
          [
            {
              "name": "vegan protein & supplements",
              "label": "vegan > vegan protein & supplements"
            },
            {
              "name": "lifestyle & wellbeing",
              "label": "health & pharmacy > lifestyle & wellbeing"
            },
            {
              "name": "experience days",
              "label": "gift > experience days"
            },
            {
              "name": "sports nutrition",
              "label": "wellness > sports nutrition"
            },
            {
              "name": "food & drink",
              "label": "wellness > food & drink"
            },
            {
              "name": "vegan",
              "label": "wellness > vegan"
            },
            {
              "name": "all gifts",
              "label": "gift > all gifts"
            },
            {
              "name": "vegan food",
              "label": "vegan > vegan food"
            }
          ],
          [
            {
              "name": "sports nutrition",
              "label": "health & pharmacy > lifestyle & wellbeing > sports nutrition"
            },
            {
              "name": "food & drink",
              "label": "gift > experience days > food & drink"
            },
            {
              "name": "vegan protein & supplements",
              "label": "wellness > sports nutrition > vegan protein & supplements"
            },
            {
              "name": "vegan food",
              "label": "wellness > food & drink > vegan food"
            },
            {
              "name": "vegan food",
              "label": "wellness > vegan > vegan food"
            },
            {
              "name": "vegan protein & supplements",
              "label": "wellness > vegan > vegan protein & supplements"
            }
          ],
          [
            {
              "name": "vegan protein & supplements",
              "label": "health & pharmacy > lifestyle & wellbeing > sports nutrition > vegan protein & supplements"
            }
          ]
        ],
        "reviews": {
          "average": 1.81,
          "count": 31,
          "rounded": 1
        },
        "parent": {
          "product": "2834132",
          "partNumber": "10327849.P",
          "model": "10327849",
          "manufacturerModel": "5560063"
        },
        "images": {
          "thumbnail": "https://boots.scene7.com/is/image/Boots/10327849?wid=45&hei=60&op_sharpen=1"
        },
        "offers": [
          {
            "text": "Sale - Save up to 70 percent"
          }
        ],
        "actions": {},
        "iconUri": "https://boots.scene7.com/is/image/Boots/10327849?op_sharpen=1",
        "title": "Joe & Seph's Where's Joe Advent Calendar 2023 - 175g",
        "referenceUri": "/joe-sephs-wheres-joe-advent-calendar-2023-175g-10327849",
        "canAddToBasket": "yes",
        "opticians": false,
        "inStock": false,
        "expressDelivery": false,
        "hasOtherPromotion": true,
        "channelPromotionalTextMap": {
          "-1": [
            "Sale - Save up to 70 percent"
          ],
          "-6": [
            "Sale - Save up to 70 percent"
          ]
        },
        "adCardPoints": 18
      },
      {
        "ppuQuantity": "20UNI",
        "pricing": {
          "perUnit": "£0.13 per 1UNI",
          "regular": {
            "value": 2.69,
            "currency": "GBP",
            "text": "£2.69"
          },
          "current": {
            "value": 2.69,
            "currency": "GBP",
            "text": "£2.69"
          }
        },
        "objectId": "2899262",
        "brand": "Twinings",
        "attributes": {
          "suitable_for": "vegan",
          "StockOverrideMessage": "STOCK_COMING_SOON",
          "flavour": "green tea",
          "pack_size": "11–20",
          "format": [
            "bag",
            "sachet"
          ],
          "hasPriceAdvantageDeal": false,
          "free_from": "sugar-free",
          "ProductReviewFlag": "1"
        },
        "variants": {
          "colours": [],
          "hasColours": false,
          "hasSizes": false
        },
        "categories": [
          [
            {
              "name": "vegan",
              "label": "vegan"
            },
            {
              "name": "health & pharmacy",
              "label": "health & pharmacy"
            },
            {
              "name": "wellness",
              "label": "wellness"
            }
          ],
          [
            {
              "name": "vegan protein & supplements",
              "label": "vegan > vegan protein & supplements"
            },
            {
              "name": "lifestyle & wellbeing",
              "label": "health & pharmacy > lifestyle & wellbeing"
            },
            {
              "name": "sports nutrition",
              "label": "wellness > sports nutrition"
            },
            {
              "name": "food & drink",
              "label": "wellness > food & drink"
            },
            {
              "name": "vegan",
              "label": "wellness > vegan"
            },
            {
              "name": "all vegan products",
              "label": "wellness > all vegan products"
            },
            {
              "name": "vegan food",
              "label": "vegan > vegan food"
            },
            {
              "name": "all vegan products",
              "label": "vegan > all vegan products"
            }
          ],
          [
            {
              "name": "sports nutrition",
              "label": "health & pharmacy > lifestyle & wellbeing > sports nutrition"
            },
            {
              "name": "vegan protein & supplements",
              "label": "wellness > sports nutrition > vegan protein & supplements"
            },
            {
              "name": "drinks & teas",
              "label": "wellness > food & drink > drinks & teas"
            },
            {
              "name": "vegan food",
              "label": "wellness > food & drink > vegan food"
            },
            {
              "name": "shop all",
              "label": "wellness > food & drink > shop all"
            },
            {
              "name": "vegan food",
              "label": "wellness > vegan > vegan food"
            },
            {
              "name": "all vegan products",
              "label": "wellness > vegan > all vegan products"
            },
            {
              "name": "vegan protein & supplements",
              "label": "wellness > vegan > vegan protein & supplements"
            }
          ],
          [
            {
              "name": "vegan protein & supplements",
              "label": "health & pharmacy > lifestyle & wellbeing > sports nutrition > vegan protein & supplements"
            }
          ]
        ],
        "reviews": {
          "average": null,
          "count": null,
          "rounded": null
        },
        "parent": {
          "product": "2899261",
          "partNumber": "10336469.P",
          "model": "10336469",
          "manufacturerModel": "8714894"
        },
        "images": {
          "thumbnail": "https://boots.scene7.com/is/image/Boots/10336469?wid=45&hei=60&op_sharpen=1"
        },
        "offers": [],
        "actions": {},
        "iconUri": "https://boots.scene7.com/is/image/Boots/10336469?op_sharpen=1",
        "title": "Twinings Superblends Matcha Tea Bags - 20 Tea Bags",
        "referenceUri": "/twinings-superblends-matcha-tea-bags-20-tea-bags-10336469",
        "canAddToBasket": "yes",
        "opticians": false,
        "inStock": false,
        "expressDelivery": false,
        "hasOtherPromotion": false,
        "channelPromotionalTextMap": {
          "-1": [],
          "-6": []
        },
        "adCardPoints": 6
      },
      {
        "ppuQuantity": "75G",
        "pricing": {
          "perUnit": "£3.00 per 100G",
          "regular": {
            "value": 2.25,
            "currency": "GBP",
            "text": "£2.25"
          },
          "current": {
            "value": 2.25,
            "currency": "GBP",
            "text": "£2.25"
          }
        },
        "objectId": "2864139",
        "brand": "Doisy & Dam",
        "attributes": {
          "suitable_for": "vegan",
          "StockOverrideMessage": "STOCK_COMING_SOON",
          "format": "bars & snacks",
          "hasPriceAdvantageDeal": false,
          "free_from": "dairy-free",
          "ProductReviewFlag": "1"
        },
        "variants": {
          "colours": [],
          "hasColours": false,
          "hasSizes": false
        },
        "categories": [
          [
            {
              "name": "vegan",
              "label": "vegan"
            },
            {
              "name": "health & pharmacy",
              "label": "health & pharmacy"
            },
            {
              "name": "wellness",
              "label": "wellness"
            }
          ],
          [
            {
              "name": "all vegan products",
              "label": "vegan > all vegan products"
            },
            {
              "name": "lifestyle & wellbeing",
              "label": "health & pharmacy > lifestyle & wellbeing"
            },
            {
              "name": "diet & weight management",
              "label": "wellness > diet & weight management"
            },
            {
              "name": "food & drink",
              "label": "wellness > food & drink"
            },
            {
              "name": "vegan",
              "label": "wellness > vegan"
            },
            {
              "name": "all vegan products",
              "label": "wellness > all vegan products"
            },
            {
              "name": "vegan food",
              "label": "vegan > vegan food"
            }
          ],
          [
            {
              "name": "diet & weight management",
              "label": "health & pharmacy > lifestyle & wellbeing > diet & weight management"
            },
            {
              "name": "bars & snacks",
              "label": "wellness > diet & weight management > bars & snacks"
            },
            {
              "name": "shop all",
              "label": "wellness > diet & weight management > shop all"
            },
            {
              "name": "vegan food",
              "label": "wellness > food & drink > vegan food"
            },
            {
              "name": "vegan food",
              "label": "wellness > vegan > vegan food"
            },
            {
              "name": "all vegan products",
              "label": "wellness > vegan > all vegan products"
            }
          ],
          [
            {
              "name": "bars & snacks",
              "label": "health & pharmacy > lifestyle & wellbeing > diet & weight management > bars & snacks"
            },
            {
              "name": "shop all",
              "label": "health & pharmacy > lifestyle & wellbeing > diet & weight management > shop all"
            }
          ]
        ],
        "reviews": {
          "average": null,
          "count": null,
          "rounded": null
        },
        "parent": {
          "product": "2864138",
          "partNumber": "10332113.P",
          "model": "10332113",
          "manufacturerModel": "5744504"
        },
        "images": {
          "thumbnail": "https://boots.scene7.com/is/image/Boots/10332113?wid=45&hei=60&op_sharpen=1"
        },
        "offers": [],
        "actions": {},
        "iconUri": "https://boots.scene7.com/is/image/Boots/10332113?op_sharpen=1",
        "title": "Doisy & Dam Good Eggs -  75g",
        "referenceUri": "/doisy-and-dam-good-eggs-75g-10332113",
        "canAddToBasket": "yes",
        "opticians": false,
        "inStock": false,
        "expressDelivery": false,
        "hasOtherPromotion": false,
        "channelPromotionalTextMap": {
          "-1": [],
          "-6": []
        },
        "adCardPoints": 6
      },
      {
        "ppuQuantity": "90G",
        "pricing": {
          "perUnit": "£1.67 per 100G",
          "regular": {
            "value": 5,
            "currency": "GBP",
            "text": "£5.00"
          },
          "current": {
            "value": 1.5,
            "currency": "GBP",
            "text": "£1.50"
          },
          "saving": {
            "value": 3.5,
            "currency": "GBP",
            "text": "£3.50"
          }
        },
        "objectId": "2847109",
        "brand": "Cartwright & Butler",
        "attributes": {
          "suitable_for": "vegan",
          "product_type": "snacks",
          "StockOverrideMessage": "SOLD_OUT",
          "recipient": [
            "gifts for men",
            "gifts for women",
            "secret santa"
          ],
          "hasPriceAdvantageDeal": false,
          "gift_type": [
            "stocking fillers",
            "food & drink gifts"
          ],
          "ProductReviewFlag": "1"
        },
        "variants": {
          "colours": [],
          "hasColours": false,
          "hasSizes": false
        },
        "categories": [
          [
            {
              "name": "vegan",
              "label": "vegan"
            },
            {
              "name": "wellness",
              "label": "wellness"
            },
            {
              "name": "gift",
              "label": "gift"
            }
          ],
          [
            {
              "name": "all vegan products",
              "label": "vegan > all vegan products"
            },
            {
              "name": "food & drink",
              "label": "wellness > food & drink"
            },
            {
              "name": "vegan",
              "label": "wellness > vegan"
            },
            {
              "name": "all gifts",
              "label": "gift > all gifts"
            },
            {
              "name": "all vegan products",
              "label": "wellness > all vegan products"
            },
            {
              "name": "vegan food",
              "label": "vegan > vegan food"
            }
          ],
          [
            {
              "name": "vegan food",
              "label": "wellness > food & drink > vegan food"
            },
            {
              "name": "vegan food",
              "label": "wellness > vegan > vegan food"
            },
            {
              "name": "all vegan products",
              "label": "wellness > vegan > all vegan products"
            }
          ]
        ],
        "reviews": {
          "average": null,
          "count": null,
          "rounded": null
        },
        "parent": {
          "product": "2847108",
          "partNumber": "10329823.P",
          "model": "10329823",
          "manufacturerModel": "5702712"
        },
        "images": {
          "thumbnail": "https://boots.scene7.com/is/image/Boots/10329823?wid=45&hei=60&op_sharpen=1"
        },
        "offers": [
          {
            "text": "Sale - Save up to 70 percent"
          }
        ],
        "actions": {},
        "iconUri": "https://boots.scene7.com/is/image/Boots/10329823?op_sharpen=1",
        "title": "Cartwright & Butler Baked Sweet Chilli Peanuts And Cashews",
        "referenceUri": "/cartwright-butler-baked-sweet-chilli-peanuts-and-cashews-10329823",
        "canAddToBasket": "yes",
        "opticians": false,
        "inStock": false,
        "expressDelivery": false,
        "hasOtherPromotion": true,
        "channelPromotionalTextMap": {
          "-1": [
            "Sale - Save up to 70 percent"
          ],
          "-6": [
            "Sale - Save up to 70 percent"
          ]
        },
        "adCardPoints": 3
      },
      {
        "ppuQuantity": "50G",
        "pricing": {
          "perUnit": "£2.58 per 100G",
          "regular": {
            "value": 1.29,
            "currency": "GBP",
            "text": "£1.29"
          },
          "current": {
            "value": 1.29,
            "currency": "GBP",
            "text": "£1.29"
          }
        },
        "objectId": "2772109",
        "brand": "Nakd",
        "attributes": {
          "suitable_for": "vegan",
          "product_type": "snacks",
          "StockOverrideMessage": "STOCK_COMING_SOON",
          "format": "bars & snacks",
          "hasPriceAdvantageDeal": false,
          "free_from": "gluten-free",
          "ProductReviewFlag": "1"
        },
        "variants": {
          "colours": [],
          "hasColours": false,
          "hasSizes": false
        },
        "categories": [
          [
            {
              "name": "vegan",
              "label": "vegan"
            },
            {
              "name": "wellness",
              "label": "wellness"
            }
          ],
          [
            {
              "name": "all vegan products",
              "label": "vegan > all vegan products"
            },
            {
              "name": "food & drink",
              "label": "wellness > food & drink"
            },
            {
              "name": "vegan",
              "label": "wellness > vegan"
            },
            {
              "name": "all vegan products",
              "label": "wellness > all vegan products"
            },
            {
              "name": "vegan food",
              "label": "vegan > vegan food"
            }
          ],
          [
            {
              "name": "free from",
              "label": "wellness > food & drink > free from"
            },
            {
              "name": "sweet snacks",
              "label": "wellness > food & drink > sweet snacks"
            },
            {
              "name": "vegan food",
              "label": "wellness > food & drink > vegan food"
            },
            {
              "name": "shop all",
              "label": "wellness > food & drink > shop all"
            },
            {
              "name": "sweet and savoury snacks",
              "label": "wellness > food & drink > sweet and savoury snacks"
            },
            {
              "name": "vegan food",
              "label": "wellness > vegan > vegan food"
            },
            {
              "name": "all vegan products",
              "label": "wellness > vegan > all vegan products"
            }
          ]
        ],
        "reviews": {
          "average": null,
          "count": null,
          "rounded": null
        },
        "parent": {
          "product": "2772108",
          "partNumber": "10322035.P",
          "model": "10322035",
          "manufacturerModel": "2149060"
        },
        "images": {
          "thumbnail": "https://boots.scene7.com/is/image/Boots/10322035?wid=45&hei=60&op_sharpen=1"
        },
        "offers": [],
        "actions": {},
        "iconUri": "https://boots.scene7.com/is/image/Boots/10322035?op_sharpen=1",
        "title": "Nakd Big Bite Peanut Chocolish Bar 50g",
        "referenceUri": "/nakd-big-bite-peanut-chocolish-bar-50g-10322035",
        "canAddToBasket": "yes",
        "opticians": false,
        "inStock": false,
        "expressDelivery": false,
        "hasOtherPromotion": false,
        "channelPromotionalTextMap": {
          "-1": [],
          "-6": []
        },
        "adCardPoints": 3
      },
      {
        "ppuQuantity": "80G",
        "pricing": {
          "perUnit": "£1.66 per 100G",
          "regular": {
            "value": 2,
            "currency": "GBP",
            "text": "£2.00"
          },
          "current": {
            "value": 1.33,
            "currency": "GBP",
            "text": "£1.33"
          },
          "saving": {
            "value": 0.67,
            "currency": "GBP",
            "text": "£0.67"
          }
        },
        "objectId": "2526925",
        "brand": "Doisy & Dam",
        "attributes": {
          "suitable_for": "vegan",
          "StockOverrideMessage": "STOCK_COMING_SOON",
          "format": "bars & snacks",
          "hasPriceAdvantageDeal": false,
          "free_from": "dairy-free",
          "ProductReviewFlag": "1"
        },
        "variants": {
          "colours": [],
          "hasColours": false,
          "hasSizes": false
        },
        "categories": [
          [
            {
              "name": "vegan",
              "label": "vegan"
            },
            {
              "name": "health & pharmacy",
              "label": "health & pharmacy"
            },
            {
              "name": "wellness",
              "label": "wellness"
            }
          ],
          [
            {
              "name": "all vegan products",
              "label": "vegan > all vegan products"
            },
            {
              "name": "lifestyle & wellbeing",
              "label": "health & pharmacy > lifestyle & wellbeing"
            },
            {
              "name": "diet & weight management",
              "label": "wellness > diet & weight management"
            },
            {
              "name": "food & drink",
              "label": "wellness > food & drink"
            },
            {
              "name": "vegan",
              "label": "wellness > vegan"
            },
            {
              "name": "all vegan products",
              "label": "wellness > all vegan products"
            },
            {
              "name": "vegan food",
              "label": "vegan > vegan food"
            }
          ],
          [
            {
              "name": "diet & weight management",
              "label": "health & pharmacy > lifestyle & wellbeing > diet & weight management"
            },
            {
              "name": "bars & snacks",
              "label": "wellness > diet & weight management > bars & snacks"
            },
            {
              "name": "shop all",
              "label": "wellness > diet & weight management > shop all"
            },
            {
              "name": "vegan food",
              "label": "wellness > food & drink > vegan food"
            },
            {
              "name": "vegan food",
              "label": "wellness > vegan > vegan food"
            },
            {
              "name": "all vegan products",
              "label": "wellness > vegan > all vegan products"
            }
          ],
          [
            {
              "name": "bars & snacks",
              "label": "health & pharmacy > lifestyle & wellbeing > diet & weight management > bars & snacks"
            },
            {
              "name": "shop all",
              "label": "health & pharmacy > lifestyle & wellbeing > diet & weight management > shop all"
            }
          ]
        ],
        "reviews": {
          "average": null,
          "count": null,
          "rounded": null
        },
        "parent": {
          "product": "2526924",
          "partNumber": "10293992.P",
          "model": "10293992",
          "manufacturerModel": "3437698"
        },
        "images": {
          "thumbnail": "https://boots.scene7.com/is/image/Boots/10293992?wid=45&hei=60&op_sharpen=1"
        },
        "offers": [
          {
            "text": "Save 1/3 on selected Doisy and Dam"
          }
        ],
        "actions": {},
        "iconUri": "https://boots.scene7.com/is/image/Boots/10293992?op_sharpen=1",
        "title": "Doisy & Dam Dark Chocolate Drops - 80g",
        "referenceUri": "/doisy-and-dam-dark-chocolate-drops-80g-10293992",
        "canAddToBasket": "yes",
        "opticians": false,
        "inStock": false,
        "expressDelivery": false,
        "hasOtherPromotion": true,
        "channelPromotionalTextMap": {
          "-1": [
            "Save 1/3 on selected Doisy and Dam"
          ],
          "-6": [
            "Save 1/3 on selected Doisy and Dam"
          ]
        },
        "adCardPoints": 3
      },
      {
        "ppuQuantity": null,
        "pricing": {
          "perUnit": null,
          "regular": {
            "value": 3.75,
            "currency": "GBP",
            "text": "£3.75"
          },
          "current": {
            "value": 3.75,
            "currency": "GBP",
            "text": "£3.75"
          }
        },
        "objectId": "2493003",
        "brand": "Doisy & Dam",
        "attributes": {
          "suitable_for": [
            "vegan",
            "vegetarian"
          ],
          "StockOverrideMessage": "STOCK_COMING_SOON",
          "flavour": "chocolate",
          "format": "bars & snacks",
          "hasPriceAdvantageDeal": false,
          "Reporting_Category": "nutrition",
          "ProductReviewFlag": "1"
        },
        "variants": {
          "colours": [],
          "hasColours": false,
          "hasSizes": false
        },
        "categories": [
          [
            {
              "name": "vegan",
              "label": "vegan"
            },
            {
              "name": "wellness",
              "label": "wellness"
            }
          ],
          [
            {
              "name": "vegan food",
              "label": "vegan > vegan food"
            },
            {
              "name": "food & drink",
              "label": "wellness > food & drink"
            },
            {
              "name": "vegan",
              "label": "wellness > vegan"
            }
          ],
          [
            {
              "name": "free from",
              "label": "wellness > food & drink > free from"
            },
            {
              "name": "sweet snacks",
              "label": "wellness > food & drink > sweet snacks"
            },
            {
              "name": "vegan food",
              "label": "wellness > food & drink > vegan food"
            },
            {
              "name": "shop all",
              "label": "wellness > food & drink > shop all"
            },
            {
              "name": "sweet and savoury snacks",
              "label": "wellness > food & drink > sweet and savoury snacks"
            },
            {
              "name": "vegan food",
              "label": "wellness > vegan > vegan food"
            }
          ]
        ],
        "reviews": {
          "average": null,
          "count": null,
          "rounded": null
        },
        "parent": {
          "product": "2493003",
          "partNumber": null,
          "model": "10291391",
          "manufacturerModel": null
        },
        "images": {
          "thumbnail": "https://boots.scene7.com/is/image/Boots/10291391?wid=45&hei=60&op_sharpen=1"
        },
        "offers": [],
        "actions": {},
        "iconUri": "https://boots.scene7.com/is/image/Boots/10291391?op_sharpen=1",
        "title": "Doisy & Dam Buttons Bundle - 30g x 3",
        "referenceUri": "/doisy-dam-buttons-bundle-30g-x-3-10291391",
        "canAddToBasket": "yes",
        "opticians": false,
        "inStock": false,
        "expressDelivery": false,
        "hasOtherPromotion": false,
        "channelPromotionalTextMap": {
          "-1": [],
          "-6": []
        },
        "adCardPoints": 9
      }
    ],
    "facets": [
      {
        "key": "brand",
        "text": "Brand",
        "type": "multiple",
        "elements": [
          {
            "key": "Deliciously Ella",
            "text": "Deliciously Ella",
            "count": 13
          },
          {
            "key": "TRIP",
            "text": "TRIP",
            "count": 9
          },
          {
            "key": "Doisy & Dam",
            "text": "Doisy & Dam",
            "count": 7
          },
          {
            "key": "Huel",
            "text": "Huel",
            "count": 6
          },
          {
            "key": "Twinings",
            "text": "Twinings",
            "count": 6
          },
          {
            "key": "Graze",
            "text": "Graze",
            "count": 5
          },
          {
            "key": "Organix",
            "text": "Organix",
            "count": 5
          },
          {
            "key": "Forest Feast",
            "text": "Forest Feast",
            "count": 4
          },
          {
            "key": "Love Corn",
            "text": "Love Corn",
            "count": 4
          },
          {
            "key": "Nakd",
            "text": "Nakd",
            "count": 4
          },
          {
            "key": "Rhythm 108",
            "text": "Rhythm 108",
            "count": 4
          },
          {
            "key": "Pri's Pudding",
            "text": "Pri's Pudding",
            "count": 3
          },
          {
            "key": "Revives Energy",
            "text": "Revives Energy",
            "count": 3
          },
          {
            "key": "Bio&Me",
            "text": "Bio&Me",
            "count": 2
          },
          {
            "key": "Bioglan",
            "text": "Bioglan",
            "count": 2
          },
          {
            "key": "Free From Fellows",
            "text": "Free From Fellows",
            "count": 2
          },
          {
            "key": "Loveraw",
            "text": "Loveraw",
            "count": 2
          },
          {
            "key": "Pulsin",
            "text": "Pulsin",
            "count": 2
          },
          {
            "key": "The Gut Stuff",
            "text": "The Gut Stuff",
            "count": 2
          },
          {
            "key": "Bragg",
            "text": "Bragg",
            "count": 1
          },
          {
            "key": "Cartwright & Butler",
            "text": "Cartwright & Butler",
            "count": 1
          },
          {
            "key": "Joe and Sephs",
            "text": "Joe and Sephs",
            "count": 1
          },
          {
            "key": "Livia's",
            "text": "Livia's",
            "count": 1
          },
          {
            "key": "Milkaid",
            "text": "Milkaid",
            "count": 1
          },
          {
            "key": "Milky Way",
            "text": "Milky Way",
            "count": 1
          },
          {
            "key": "Monty Bojangles",
            "text": "Monty Bojangles",
            "count": 1
          },
          {
            "key": "Pip + Nut",
            "text": "Pip + Nut",
            "count": 1
          },
          {
            "key": "Popworks",
            "text": "Popworks",
            "count": 1
          },
          {
            "key": "Propercorn",
            "text": "Propercorn",
            "count": 1
          },
          {
            "key": "Treat Kitchen",
            "text": "Treat Kitchen",
            "count": 1
          },
          {
            "key": "Trimbella",
            "text": "Trimbella",
            "count": 1
          }
        ]
      },
      {
        "key": "currentPrice",
        "text": "Price range",
        "type": "priceRange",
        "minimum": 0.95,
        "maximum": 36
      },
      {
        "key": "roundedReviewScore",
        "text": "Rating",
        "type": "ratings",
        "elements": [
          {
            "key": "1",
            "text": "1",
            "count": 2
          },
          {
            "key": "2",
            "text": "2",
            "count": 1
          },
          {
            "key": "3",
            "text": "3",
            "count": 3
          },
          {
            "key": "4",
            "text": "4",
            "count": 27
          },
          {
            "key": "5",
            "text": "5",
            "count": 16
          }
        ]
      },
      {
        "key": "promotionalText",
        "text": "Promotions",
        "type": "multiple",
        "elements": [
          {
            "key": "Save 20 percent on selected Deliciously Ella",
            "text": "Save 20 percent on selected Deliciously Ella",
            "count": 5
          },
          {
            "key": "Use code BABYSAVE15 to save 15 percent when you spend £40 on selected baby and child - online only\n",
            "text": "Use code BABYSAVE15 to save 15 percent when you spend £40 on selected baby and child - online only\n",
            "count": 5
          },
          {
            "key": "Only £3.00 on selected Huel Ready To Drink 500ml",
            "text": "Only £3.00 on selected Huel Ready To Drink 500ml",
            "count": 4
          },
          {
            "key": "Sale - Save up to 70 percent",
            "text": "Sale - Save up to 70 percent",
            "count": 4
          },
          {
            "key": "Save up to 20 percent on selected Rhythm 108",
            "text": "Save up to 20 percent on selected Rhythm 108",
            "count": 4
          },
          {
            "key": "Save 1/3 on selected Doisy and Dam",
            "text": "Save 1/3 on selected Doisy and Dam",
            "count": 3
          },
          {
            "key": "3 For £3 on selected The Gut Stuff",
            "text": "3 For £3 on selected The Gut Stuff",
            "count": 2
          },
          {
            "key": "3 for 2 on selected Vitamins and Supplements - cheapest free",
            "text": "3 for 2 on selected Vitamins and Supplements - cheapest free",
            "count": 1
          }
        ]
      },
      {
        "key": "product_type",
        "text": "Product type",
        "type": "multiple",
        "elements": [
          {
            "key": "snacks",
            "text": "Snacks",
            "count": 26
          },
          {
            "key": "meal replacement",
            "text": "Meal replacement",
            "count": 4
          },
          {
            "key": "energy",
            "text": "Energy",
            "count": 3
          },
          {
            "key": "tea",
            "text": "Tea",
            "count": 3
          },
          {
            "key": "protein",
            "text": "Protein",
            "count": 2
          },
          {
            "key": "superfoods",
            "text": "Superfoods",
            "count": 2
          },
          {
            "key": "advent calendar",
            "text": "Advent calendar",
            "count": 1
          },
          {
            "key": "chocolate",
            "text": "Chocolate",
            "count": 1
          },
          {
            "key": "food supplements",
            "text": "Food supplements",
            "count": 1
          },
          {
            "key": "gift set",
            "text": "Gift set",
            "count": 1
          },
          {
            "key": "sweets",
            "text": "Sweets",
            "count": 1
          }
        ]
      },
      {
        "key": "size",
        "text": "Size",
        "type": "multiple",
        "elements": [
          {
            "key": "0-10",
            "text": "0-10",
            "count": 10
          },
          {
            "key": "11-20",
            "text": "11-20",
            "count": 4
          }
        ]
      },
      {
        "key": "gift_type",
        "text": "Gift type",
        "type": "multiple",
        "elements": [
          {
            "key": "food & drink gifts",
            "text": "Food & drink gifts",
            "count": 4
          },
          {
            "key": "stocking fillers",
            "text": "Stocking fillers",
            "count": 3
          },
          {
            "key": "advent calendars",
            "text": "Advent calendars",
            "count": 1
          }
        ]
      },
      {
        "key": "recipient",
        "text": "Recipient",
        "type": "multiple",
        "elements": [
          {
            "key": "secret santa",
            "text": "Secret santa",
            "count": 4
          },
          {
            "key": "gifts for men",
            "text": "Gifts for men",
            "count": 3
          },
          {
            "key": "gifts for women",
            "text": "Gifts for women",
            "count": 3
          },
          {
            "key": "gifts for foodies",
            "text": "Gifts for foodies",
            "count": 2
          },
          {
            "key": "gifts for teens",
            "text": "Gifts for teens",
            "count": 1
          }
        ]
      },
      {
        "key": "format",
        "text": "Format",
        "type": "multiple",
        "elements": [
          {
            "key": "bars & snacks",
            "text": "Bars & snacks",
            "count": 57
          },
          {
            "key": "bag",
            "text": "Bag",
            "count": 6
          },
          {
            "key": "shakes",
            "text": "Shakes",
            "count": 4
          },
          {
            "key": "powder",
            "text": "Powder",
            "count": 3
          },
          {
            "key": "sachet",
            "text": "Sachet",
            "count": 3
          },
          {
            "key": "strip",
            "text": "Strip",
            "count": 3
          },
          {
            "key": "liquid",
            "text": "Liquid",
            "count": 1
          },
          {
            "key": "tablet",
            "text": "Tablet",
            "count": 1
          }
        ]
      },
      {
        "key": "suitable_from",
        "text": "Suitable from",
        "type": "multiple",
        "elements": [
          {
            "key": "6 months",
            "text": "6 months",
            "count": 3
          },
          {
            "key": "12 months",
            "text": "12 months",
            "count": 1
          },
          {
            "key": "7 months",
            "text": "7 months",
            "count": 1
          }
        ]
      },
      {
        "key": "category",
        "text": "Category",
        "type": "hierarchy",
        "elements": [
          {
            "key": "vegan",
            "text": "Vegan",
            "count": 97,
            "children": [
              {
                "key": "vegan food",
                "text": "Vegan food",
                "count": 97
              },
              {
                "key": "all vegan products",
                "text": "All vegan products",
                "count": 78
              },
              {
                "key": "vegan protein & supplements",
                "text": "Vegan protein & supplements",
                "count": 20
              },
              {
                "key": "vegan gifts",
                "text": "Vegan gifts",
                "count": 1
              }
            ]
          },
          {
            "key": "wellness",
            "text": "Wellness",
            "count": 97,
            "children": [
              {
                "key": "food & drink",
                "text": "Food & drink",
                "count": 97,
                "children": [
                  {
                    "key": "vegan food",
                    "text": "Vegan food",
                    "count": 97
                  },
                  {
                    "key": "shop all",
                    "text": "Shop all",
                    "count": 60
                  },
                  {
                    "key": "sweet and savoury snacks",
                    "text": "Sweet and savoury snacks",
                    "count": 53
                  },
                  {
                    "key": "free from",
                    "text": "Free from",
                    "count": 43
                  },
                  {
                    "key": "sweet snacks",
                    "text": "Sweet snacks",
                    "count": 43
                  },
                  {
                    "key": "savoury snacks",
                    "text": "Savoury snacks",
                    "count": 10
                  },
                  {
                    "key": "drinks & teas",
                    "text": "Drinks & teas",
                    "count": 7
                  },
                  {
                    "key": "breakfast bars & cereals",
                    "text": "Breakfast bars & cereals",
                    "count": 6
                  },
                  {
                    "key": "dry fruits nuts & seeds",
                    "text": "Dry fruits nuts & seeds",
                    "count": 5
                  },
                  {
                    "key": "superfoods",
                    "text": "Superfoods",
                    "count": 2
                  }
                ]
              },
              {
                "key": "vegan",
                "text": "Vegan",
                "count": 97,
                "children": [
                  {
                    "key": "vegan food",
                    "text": "Vegan food",
                    "count": 97
                  },
                  {
                    "key": "all vegan products",
                    "text": "All vegan products",
                    "count": 78
                  },
                  {
                    "key": "vegan protein & supplements",
                    "text": "Vegan protein & supplements",
                    "count": 20
                  },
                  {
                    "key": "vegan gifts",
                    "text": "Vegan gifts",
                    "count": 1
                  }
                ]
              },
              {
                "key": "all vegan products",
                "text": "All vegan products",
                "count": 78
              },
              {
                "key": "sports nutrition",
                "text": "Sports nutrition",
                "count": 21,
                "children": [
                  {
                    "key": "vegan protein & supplements",
                    "text": "Vegan protein & supplements",
                    "count": 20
                  },
                  {
                    "key": "shop all",
                    "text": "Shop all",
                    "count": 11
                  },
                  {
                    "key": "bars and snacks",
                    "text": "Bars and snacks",
                    "count": 4
                  },
                  {
                    "key": "drinks",
                    "text": "Drinks",
                    "count": 4
                  },
                  {
                    "key": "supplements",
                    "text": "Supplements",
                    "count": 3
                  },
                  {
                    "key": "protein bars",
                    "text": "Protein bars",
                    "count": 2
                  }
                ]
              },
              {
                "key": "diet & weight management",
                "text": "Diet & weight management",
                "count": 17,
                "children": [
                  {
                    "key": "shop all",
                    "text": "Shop all",
                    "count": 17
                  },
                  {
                    "key": "meal replacements",
                    "text": "Meal replacements",
                    "count": 5
                  },
                  {
                    "key": "new in diet & weight management",
                    "text": "New in diet & weight management",
                    "count": 5
                  },
                  {
                    "key": "bars & snacks",
                    "text": "Bars & snacks",
                    "count": 3
                  },
                  {
                    "key": "slimming aids & meal replacements",
                    "text": "Slimming aids & meal replacements",
                    "count": 1
                  }
                ]
              },
              {
                "key": "vitamins & supplements",
                "text": "Vitamins & supplements",
                "count": 13,
                "children": [
                  {
                    "key": "shop by ingredient",
                    "text": "Shop by ingredient",
                    "count": 11,
                    "children": [
                      {
                        "key": "CBD",
                        "text": "CBD",
                        "count": 9
                      },
                      {
                        "key": "superfoods",
                        "text": "Superfoods",
                        "count": 2
                      }
                    ]
                  },
                  {
                    "key": "CBD",
                    "text": "CBD",
                    "count": 9
                  },
                  {
                    "key": "digestive health",
                    "text": "Digestive health",
                    "count": 2
                  }
                ]
              },
              {
                "key": "alternative therapies",
                "text": "Alternative therapies",
                "count": 10,
                "children": [
                  {
                    "key": "CBD",
                    "text": "CBD",
                    "count": 9
                  },
                  {
                    "key": "shop all",
                    "text": "Shop all",
                    "count": 9
                  },
                  {
                    "key": "sleep",
                    "text": "Sleep",
                    "count": 1,
                    "children": [
                      {
                        "key": "bedtime routine",
                        "text": "Bedtime routine",
                        "count": 1
                      }
                    ]
                  }
                ]
              },
              {
                "key": "CBD",
                "text": "CBD",
                "count": 9
              },
              {
                "key": "digestive health",
                "text": "Digestive health",
                "count": 2
              },
              {
                "key": "sleep",
                "text": "Sleep",
                "count": 1,
                "children": [
                  {
                    "key": "bedtime routine",
                    "text": "Bedtime routine",
                    "count": 1
                  }
                ]
              }
            ]
          },
          {
            "key": "health & pharmacy",
            "text": "Health & pharmacy",
            "count": 48,
            "children": [
              {
                "key": "lifestyle & wellbeing",
                "text": "Lifestyle & wellbeing",
                "count": 40,
                "children": [
                  {
                    "key": "sports nutrition",
                    "text": "Sports nutrition",
                    "count": 21,
                    "children": [
                      {
                        "key": "vegan protein & supplements",
                        "text": "Vegan protein & supplements",
                        "count": 20
                      },
                      {
                        "key": "shop all",
                        "text": "Shop all",
                        "count": 11
                      },
                      {
                        "key": "bars and snacks",
                        "text": "Bars and snacks",
                        "count": 4
                      },
                      {
                        "key": "drinks",
                        "text": "Drinks",
                        "count": 4
                      },
                      {
                        "key": "supplements",
                        "text": "Supplements",
                        "count": 3
                      },
                      {
                        "key": "protein bars",
                        "text": "Protein bars",
                        "count": 2
                      }
                    ]
                  },
                  {
                    "key": "diet & weight management",
                    "text": "Diet & weight management",
                    "count": 17,
                    "children": [
                      {
                        "key": "shop all",
                        "text": "Shop all",
                        "count": 17
                      },
                      {
                        "key": "meal replacements",
                        "text": "Meal replacements",
                        "count": 5
                      },
                      {
                        "key": "new in diet & weight management",
                        "text": "New in diet & weight management",
                        "count": 5
                      },
                      {
                        "key": "bars & snacks",
                        "text": "Bars & snacks",
                        "count": 3
                      },
                      {
                        "key": "slimming aids & meal replacements",
                        "text": "Slimming aids & meal replacements",
                        "count": 1
                      }
                    ]
                  },
                  {
                    "key": "alternative therapies",
                    "text": "Alternative therapies",
                    "count": 10,
                    "children": [
                      {
                        "key": "CBD",
                        "text": "CBD",
                        "count": 9
                      },
                      {
                        "key": "shop all",
                        "text": "Shop all",
                        "count": 9
                      },
                      {
                        "key": "sleep",
                        "text": "Sleep",
                        "count": 1
                      }
                    ]
                  },
                  {
                    "key": "health food",
                    "text": "Health food",
                    "count": 7
                  }
                ]
              },
              {
                "key": "vitamins & supplements",
                "text": "Vitamins & supplements",
                "count": 13,
                "children": [
                  {
                    "key": "shop by ingredient",
                    "text": "Shop by ingredient",
                    "count": 11,
                    "children": [
                      {
                        "key": "CBD",
                        "text": "CBD",
                        "count": 9
                      },
                      {
                        "key": "superfoods",
                        "text": "Superfoods",
                        "count": 2
                      }
                    ]
                  },
                  {
                    "key": "CBD",
                    "text": "CBD",
                    "count": 9
                  },
                  {
                    "key": "digestive health",
                    "text": "Digestive health",
                    "count": 2
                  }
                ]
              },
              {
                "key": "new in health",
                "text": "New in health",
                "count": 6
              },
              {
                "key": "COVID-19 Information Products & Testing",
                "text": "COVID-19 Information Products & Testing",
                "count": 1,
                "children": [
                  {
                    "key": "sleep",
                    "text": "Sleep",
                    "count": 1,
                    "children": [
                      {
                        "key": "bedtime routine",
                        "text": "Bedtime routine",
                        "count": 1
                      }
                    ]
                  }
                ]
              },
              {
                "key": "medicines & treatments",
                "text": "Medicines & treatments",
                "count": 1,
                "children": [
                  {
                    "key": "sleep",
                    "text": "Sleep",
                    "count": 1,
                    "children": [
                      {
                        "key": "bedtime routine",
                        "text": "Bedtime routine",
                        "count": 1
                      }
                    ]
                  }
                ]
              }
            ]
          },
          {
            "key": "new in",
            "text": "New in",
            "count": 11,
            "children": [
              {
                "key": "new in health",
                "text": "New in health",
                "count": 6
              },
              {
                "key": "new in diet & weight management",
                "text": "New in diet & weight management",
                "count": 5
              }
            ]
          },
          {
            "key": "baby & child",
            "text": "Baby & child",
            "count": 5,
            "children": [
              {
                "key": "feeding",
                "text": "Feeding",
                "count": 5,
                "children": [
                  {
                    "key": "baby & toddler food",
                    "text": "Baby & toddler food",
                    "count": 5
                  },
                  {
                    "key": "toddler food & drink",
                    "text": "Toddler food & drink",
                    "count": 1
                  }
                ]
              }
            ]
          },
          {
            "key": "gift",
            "text": "Gift",
            "count": 4,
            "children": [
              {
                "key": "all gifts",
                "text": "All gifts",
                "count": 4
              },
              {
                "key": "gifts for her",
                "text": "Gifts for her",
                "count": 2
              },
              {
                "key": "gifts for him",
                "text": "Gifts for him",
                "count": 2
              },
              {
                "key": "experience days",
                "text": "Experience days",
                "count": 1,
                "children": [
                  {
                    "key": "food & drink",
                    "text": "Food & drink",
                    "count": 1
                  }
                ]
              },
              {
                "key": "gift type",
                "text": "Gift type",
                "count": 1,
                "children": [
                  {
                    "key": "vegan gifts",
                    "text": "Vegan gifts",
                    "count": 1
                  }
                ]
              },
              {
                "key": "vegan gifts",
                "text": "Vegan gifts",
                "count": 1
              }
            ]
          }
        ]
      },
      {
        "key": "free_from",
        "text": "Free from",
        "type": "multiple",
        "elements": [
          {
            "key": "gluten-free",
            "text": "Gluten-free",
            "count": 55
          },
          {
            "key": "dairy-free",
            "text": "Dairy-free",
            "count": 47
          },
          {
            "key": "artificial flavours",
            "text": "Artificial flavours",
            "count": 19
          },
          {
            "key": "artificial colours",
            "text": "Artificial colours",
            "count": 10
          },
          {
            "key": "sugar-free",
            "text": "Sugar-free",
            "count": 10
          },
          {
            "key": "artificial preservatives",
            "text": "Artificial preservatives",
            "count": 9
          },
          {
            "key": "soya-free",
            "text": "Soya-free",
            "count": 9
          },
          {
            "key": "caffeine-free",
            "text": "Caffeine-free",
            "count": 3
          },
          {
            "key": "gelatine-free",
            "text": "Gelatine-free",
            "count": 2
          },
          {
            "key": "lactose-free",
            "text": "Lactose-free",
            "count": 1
          },
          {
            "key": "preservatives-free",
            "text": "Preservatives-free",
            "count": 1
          }
        ]
      },
      {
        "key": "age_range",
        "text": "Age range",
        "type": "multiple",
        "elements": [
          {
            "key": "13+ years",
            "text": "13+ years",
            "count": 1
          }
        ]
      },
      {
        "key": "suitable_for",
        "text": "Suitable for",
        "type": "multiple",
        "elements": [
          {
            "key": "vegan",
            "text": "Vegan",
            "count": 90
          },
          {
            "key": "vegetarian",
            "text": "Vegetarian",
            "count": 22
          },
          {
            "key": "adults",
            "text": "Adults",
            "count": 4
          },
          {
            "key": "stage 1",
            "text": "Stage 1",
            "count": 1
          }
        ]
      },
      {
        "key": "ingredients",
        "text": "Ingredients",
        "type": "multiple",
        "elements": [
          {
            "key": "almond",
            "text": "Almond",
            "count": 2
          },
          {
            "key": "coconut",
            "text": "Coconut",
            "count": 2
          },
          {
            "key": "lavender",
            "text": "Lavender",
            "count": 1
          },
          {
            "key": "vitamin b3",
            "text": "Vitamin b3",
            "count": 1
          },
          {
            "key": "vitamin b6",
            "text": "Vitamin b6",
            "count": 1
          }
        ]
      },
      {
        "key": "flavour",
        "text": "Flavour",
        "type": "multiple",
        "elements": [
          {
            "key": "nut",
            "text": "Nut",
            "count": 24
          },
          {
            "key": "chocolate",
            "text": "Chocolate",
            "count": 19
          },
          {
            "key": "caramel",
            "text": "Caramel",
            "count": 6
          },
          {
            "key": "ginger",
            "text": "Ginger",
            "count": 4
          },
          {
            "key": "mixed fruits",
            "text": "Mixed fruits",
            "count": 4
          },
          {
            "key": "apple",
            "text": "Apple",
            "count": 3
          },
          {
            "key": "lemon",
            "text": "Lemon",
            "count": 3
          },
          {
            "key": "mint",
            "text": "Mint",
            "count": 3
          },
          {
            "key": "orange",
            "text": "Orange",
            "count": 3
          },
          {
            "key": "peach",
            "text": "Peach",
            "count": 3
          },
          {
            "key": "banana",
            "text": "Banana",
            "count": 2
          },
          {
            "key": "cool mint",
            "text": "Cool mint",
            "count": 2
          },
          {
            "key": "vanilla",
            "text": "Vanilla",
            "count": 2
          },
          {
            "key": "berry",
            "text": "Berry",
            "count": 1
          },
          {
            "key": "blueberry",
            "text": "Blueberry",
            "count": 1
          },
          {
            "key": "cherry",
            "text": "Cherry",
            "count": 1
          },
          {
            "key": "coffee",
            "text": "Coffee",
            "count": 1
          },
          {
            "key": "cranberry",
            "text": "Cranberry",
            "count": 1
          },
          {
            "key": "green tea",
            "text": "Green tea",
            "count": 1
          },
          {
            "key": "mango",
            "text": "Mango",
            "count": 1
          },
          {
            "key": "natural",
            "text": "Natural",
            "count": 1
          },
          {
            "key": "pineapple",
            "text": "Pineapple",
            "count": 1
          },
          {
            "key": "raspberry",
            "text": "Raspberry",
            "count": 1
          },
          {
            "key": "strawberry",
            "text": "Strawberry",
            "count": 1
          },
          {
            "key": "tropical fruit",
            "text": "Tropical fruit",
            "count": 1
          },
          {
            "key": "vegetable",
            "text": "Vegetable",
            "count": 1
          }
        ]
      },
      {
        "key": "meal_type",
        "text": "Meal type",
        "type": "multiple",
        "elements": [
          {
            "key": "finger food",
            "text": "Finger food",
            "count": 3
          }
        ]
      },
      {
        "key": "pack_size",
        "text": "Pack size",
        "type": "multiple",
        "elements": [
          {
            "key": "200+",
            "text": "200+",
            "count": 5
          },
          {
            "key": "11–20",
            "text": "11–20",
            "count": 4
          },
          {
            "key": "0–10",
            "text": "0–10",
            "count": 3
          },
          {
            "key": "71–100",
            "text": "71–100",
            "count": 2
          },
          {
            "key": "41–50",
            "text": "41–50",
            "count": 1
          }
        ]
      }
    ]
  }
}